<?xml version="1.0" encoding="UTF-8"?>
<marcxml:collection xmlns:marcxml="http://www.loc.gov/MARC21/slim"><record xmlns="http://www.loc.gov/MARC21/slim">
  <leader>01402nas a2200385 a 4500</leader>
  <controlfield tag="001">007177759</controlfield>
  <controlfield tag="003">Uk</controlfield>
  <controlfield tag="005">20120926094633.0</controlfield>
  <controlfield tag="006">ab   |||||||||||||</controlfield>
  <controlfield tag="007">ta</controlfield>
  <controlfield tag="008">000703d20002010enkfr p       0   a0eng  </controlfield>
  <datafield tag="015" ind1=" " ind2=" ">
    <subfield code="a">GBA037193</subfield>
    <subfield code="2">bnb</subfield>
  </datafield>
  <datafield tag="022" ind1="0" ind2=" ">
    <subfield code="a">1471-2989</subfield>
    <subfield code="2">02</subfield>
  </datafield>
  <datafield tag="037" ind1=" " ind2=" ">
    <subfield code="c">£32.00 per year</subfield>
  </datafield>
  <datafield tag="039" ind1="0" ind2=" ">
    <subfield code="a">2593</subfield>
  </datafield>
  <datafield tag="040" ind1=" " ind2=" ">
    <subfield code="a">Uk</subfield>
    <subfield code="c">Uk</subfield>
    <subfield code="d">Uk</subfield>
  </datafield>
  <datafield tag="042" ind1=" " ind2=" ">
    <subfield code="a">issnuk</subfield>
  </datafield>
  <datafield tag="082" ind1="0" ind2="4">
    <subfield code="a">387.72</subfield>
    <subfield code="2">21</subfield>
  </datafield>
  <datafield tag="084" ind1=" " ind2=" ">
    <subfield code="a">AA 769</subfield>
    <subfield code="2">blsrissc</subfield>
  </datafield>
  <datafield tag="210" ind1="0" ind2=" ">
    <subfield code="a">OAG flight atlas, worldw.</subfield>
  </datafield>
  <datafield tag="222" ind1=" " ind2="0">
    <subfield code="a">OAG flight atlas. Worldwide</subfield>
  </datafield>
  <datafield tag="245" ind1="0" ind2="0">
    <subfield code="a">OAG flight atlas. Worldwide.</subfield>
  </datafield>
  <datafield tag="246" ind1="3" ind2=" ">
    <subfield code="a">Official Airline Guides flight atlas. Worldwide</subfield>
  </datafield>
  <datafield tag="260" ind1=" " ind2=" ">
    <subfield code="a">Dunstable (Church Street, Dunstable, Bedfordshire LU5 4HB) :</subfield>
    <subfield code="b">OAG,</subfield>
    <subfield code="c">2000-2010.</subfield>
  </datafield>
  <datafield tag="300" ind1=" " ind2=" ">
    <subfield code="a">v. :</subfield>
    <subfield code="b">col.maps ;</subfield>
    <subfield code="c">30 cm.</subfield>
  </datafield>
  <datafield tag="310" ind1=" " ind2=" ">
    <subfield code="a">Semiannual</subfield>
  </datafield>
  <datafield tag="362" ind1="0" ind2=" ">
    <subfield code="a">May/Nov. 2000-May/Nov. 2010.</subfield>
  </datafield>
  <datafield tag="540" ind1=" " ind2=" ">
    <subfield code="a">Current Copyright Fee: GBP12.00</subfield>
    <subfield code="c">0</subfield>
    <subfield code="5">Uk</subfield>
  </datafield>
  <datafield tag="650" ind1=" " ind2="0">
    <subfield code="a">Aeronautics, Commercial</subfield>
    <subfield code="x">Maps</subfield>
    <subfield code="v">Periodicals.</subfield>
  </datafield>
  <datafield tag="710" ind1="2" ind2=" ">
    <subfield code="a">Official Airline Guides, inc.</subfield>
  </datafield>
  <datafield tag="780" ind1="0" ind2="0">
    <subfield code="t">OAG air travel atlas</subfield>
    <subfield code="x">1366-1698</subfield>
  </datafield>
  <datafield tag="852" ind1="1" ind2="1">
    <subfield code="a">British Library</subfield>
    <subfield code="b">STI</subfield>
    <subfield code="c">BIPC</subfield>
    <subfield code="k">(B) DIR</subfield>
    <subfield code="h">912.21</subfield>
    <subfield code="m">Business</subfield>
    <subfield code="3">(May/Nov. 2000)-(May/Nov. 2010)***Current issue</subfield>
  </datafield>
  <datafield tag="852" ind1="4" ind2="1">
    <subfield code="a">British Library</subfield>
    <subfield code="b">DSC</subfield>
    <subfield code="j">6196.390250</subfield>
    <subfield code="3">(May/Nov. 2000)-(May/Nov. 2009)</subfield>
  </datafield>
  <datafield tag="852" ind1="7" ind2="1">
    <subfield code="a">British Library</subfield>
    <subfield code="b">STI</subfield>
    <subfield code="c">RES</subfield>
    <subfield code="k">(XP)</subfield>
    <subfield code="h">AA 769</subfield>
    <subfield code="m">-E(11)</subfield>
    <subfield code="2">blsrissc</subfield>
    <subfield code="3">(May/Nov. 2000)-(May/Nov. 2010)***Earlier issues</subfield>
  </datafield>
  <datafield tag="959" ind1=" " ind2=" ">
    <subfield code="f">Held but not currently received</subfield>
  </datafield>
</record>