<record xmlns="http://www.loc.gov/MARC21/slim">
  <leader>01024nas a2200301 a 4500</leader>
  <controlfield tag="001">007203519</controlfield>
  <controlfield tag="003">Uk</controlfield>
  <controlfield tag="005">20121002121411.0</controlfield>
  <controlfield tag="006">aa   |||||||||||||</controlfield>
  <controlfield tag="007">ta</controlfield>
  <controlfield tag="008">930205d19uu2006stk           0   a0eng  </controlfield>
  <datafield tag="015" ind1=" " ind2=" ">
    <subfield code="a">GB9303904</subfield>
    <subfield code="2">bnb</subfield>
  </datafield>
  <datafield tag="037" ind1=" " ind2=" ">
    <subfield code="c">No price</subfield>
  </datafield>
  <datafield tag="039" ind1="0" ind2=" ">
    <subfield code="a">2227</subfield>
  </datafield>
  <datafield tag="040" ind1=" " ind2=" ">
    <subfield code="a">Uk</subfield>
    <subfield code="c">Uk</subfield>
    <subfield code="d">Uk</subfield>
  </datafield>
  <datafield tag="082" ind1="0" ind2="4">
    <subfield code="a">385.094111</subfield>
    <subfield code="2">20</subfield>
  </datafield>
  <datafield tag="130" ind1="0" ind2=" ">
    <subfield code="a">Abstract (Great North of Scotland Railway Association)</subfield>
  </datafield>
  <datafield tag="245" ind1="1" ind2="0">
    <subfield code="a">Abstract.</subfield>
  </datafield>
  <datafield tag="260" ind1=" " ind2=" ">
    <subfield code="a">[Aberdeen] ([14 Gordon Rd, Bridge of Don, Aberdeen, AB2 8PT]) :</subfield>
    <subfield code="b">Great North of Scotland Railway Association,</subfield>
    <subfield code="c">[19--]-2006.</subfield>
  </datafield>
  <datafield tag="300" ind1=" " ind2=" ">
    <subfield code="a">35 v.</subfield>
  </datafield>
  <datafield tag="310" ind1=" " ind2=" ">
    <subfield code="a">Irregular</subfield>
  </datafield>
  <datafield tag="362" ind1="0" ind2=" ">
    <subfield code="a">No. 1 ([19--])-no. 35 (2006).</subfield>
  </datafield>
  <datafield tag="500" ind1=" " ind2=" ">
    <subfield code="a">Description based on: No. 23 (Oct. 1991)</subfield>
  </datafield>
  <datafield tag="540" ind1=" " ind2=" ">
    <subfield code="a">Current copyright fee: GBP12.00</subfield>
    <subfield code="c">0</subfield>
    <subfield code="5">Uk</subfield>
  </datafield>
  <datafield tag="610" ind1="2" ind2="0">
    <subfield code="a">Great North of Scotland Railway</subfield>
    <subfield code="v">Abstracts.</subfield>
  </datafield>
  <datafield tag="650" ind1=" " ind2="0">
    <subfield code="a">Railroads</subfield>
    <subfield code="z">Scotland</subfield>
    <subfield code="v">Abstracts.</subfield>
  </datafield>
  <datafield tag="710" ind1="2" ind2=" ">
    <subfield code="a">Great North of Scotland Railway Association.</subfield>
  </datafield>
  <datafield tag="852" ind1="4" ind2="1">
    <subfield code="a">British Library</subfield>
    <subfield code="b">HMNTS</subfield>
    <subfield code="j">ZK.9.b.4474</subfield>
    <subfield code="3">No. 23 (Oct. 1991)-no. 35 (2006)</subfield>
  </datafield>
</record>