<record xmlns="http://www.loc.gov/MARC21/slim">
  <leader>00953nas a22002893  4500</leader>
  <controlfield tag="001">007205596</controlfield>
  <controlfield tag="003">Uk</controlfield>
  <controlfield tag="005">20121002115043.0</controlfield>
  <controlfield tag="006">aac  |||||||||||||</controlfield>
  <controlfield tag="007">ta</controlfield>
  <controlfield tag="008">031107d20012008stkfr p       0   a0eng  </controlfield>
  <datafield tag="015" ind1=" " ind2=" ">
    <subfield code="a">GBA374708</subfield>
    <subfield code="2">bnb</subfield>
  </datafield>
  <datafield tag="037" ind1=" " ind2=" ">
    <subfield code="c">No price</subfield>
  </datafield>
  <datafield tag="039" ind1="0" ind2=" ">
    <subfield code="a">2767</subfield>
  </datafield>
  <datafield tag="040" ind1=" " ind2=" ">
    <subfield code="a">Uk</subfield>
    <subfield code="c">Uk</subfield>
    <subfield code="d">Uk</subfield>
  </datafield>
  <datafield tag="082" ind1="0" ind2="4">
    <subfield code="a">612.3072</subfield>
    <subfield code="2">21</subfield>
  </datafield>
  <datafield tag="110" ind1="2" ind2=" ">
    <subfield code="a">Rowett Research Institute.</subfield>
  </datafield>
  <datafield tag="240" ind1="1" ind2="0">
    <subfield code="a">News &amp; reviews (Aberdeen, Scotland)</subfield>
  </datafield>
  <datafield tag="245" ind1="1" ind2="0">
    <subfield code="a">News &amp; reviews.</subfield>
  </datafield>
  <datafield tag="246" ind1="3" ind2=" ">
    <subfield code="a">News and reviews</subfield>
  </datafield>
  <datafield tag="260" ind1=" " ind2=" ">
    <subfield code="a">Aberdeen (Greenburn Rd., Aberdeen, AB21 9SB) :</subfield>
    <subfield code="b">Rowett Research Institute,</subfield>
    <subfield code="c">2001-2008.</subfield>
  </datafield>
  <datafield tag="300" ind1=" " ind2=" ">
    <subfield code="a">10 v. :</subfield>
    <subfield code="b">col. ill., col. ports. ;</subfield>
    <subfield code="c">30 cm.</subfield>
  </datafield>
  <datafield tag="310" ind1=" " ind2=" ">
    <subfield code="a">Two issues yearly</subfield>
  </datafield>
  <datafield tag="362" ind1="0" ind2=" ">
    <subfield code="a">Issue no. 1 (Dec. 2001)-issue no. 10 (Jan. 2008)</subfield>
  </datafield>
  <datafield tag="610" ind1="2" ind2="0">
    <subfield code="a">Rowett Research Institute</subfield>
    <subfield code="v">Periodicals.</subfield>
  </datafield>
  <datafield tag="650" ind1=" " ind2="0">
    <subfield code="a">Nutrition</subfield>
    <subfield code="x">Research</subfield>
    <subfield code="v">Periodicals.</subfield>
  </datafield>
  <datafield tag="852" ind1="4" ind2="1">
    <subfield code="a">British Library</subfield>
    <subfield code="b">HMNTS</subfield>
    <subfield code="j">ZK.9.b.19280</subfield>
    <subfield code="3">Issue no. 1 (Dec. 2001)-issue no. 10 (Jan. 2008)</subfield>
  </datafield>
</record>