<record xmlns="http://www.loc.gov/MARC21/slim">
  <leader>01001nas a2200289 a 4500</leader>
  <controlfield tag="001">007883543</controlfield>
  <controlfield tag="003">Uk</controlfield>
  <controlfield tag="005">20120924141549.0</controlfield>
  <controlfield tag="007">ta</controlfield>
  <controlfield tag="008">031031d20022009wlkqr p       0   a0eng  </controlfield>
  <datafield tag="015" ind1=" " ind2=" ">
    <subfield code="a">GBA378375</subfield>
    <subfield code="2">bnb</subfield>
  </datafield>
  <datafield tag="022" ind1="0" ind2=" ">
    <subfield code="a">1475-4193</subfield>
  </datafield>
  <datafield tag="037" ind1=" " ind2=" ">
    <subfield code="c">No price</subfield>
  </datafield>
  <datafield tag="039" ind1="0" ind2=" ">
    <subfield code="a">2767</subfield>
  </datafield>
  <datafield tag="040" ind1=" " ind2=" ">
    <subfield code="a">Uk</subfield>
    <subfield code="c">Uk</subfield>
    <subfield code="d">Uk</subfield>
  </datafield>
  <datafield tag="082" ind1="0" ind2="4">
    <subfield code="a">370.70941</subfield>
    <subfield code="2">21</subfield>
  </datafield>
  <datafield tag="110" ind1="2" ind2=" ">
    <subfield code="a">Research Capacity Building Network.</subfield>
  </datafield>
  <datafield tag="222" ind1=" " ind2="0">
    <subfield code="a">Building research capacity</subfield>
  </datafield>
  <datafield tag="245" ind1="1" ind2="0">
    <subfield code="a">Building research capacity.</subfield>
  </datafield>
  <datafield tag="260" ind1=" " ind2=" ">
    <subfield code="a">Cardiff (Glamorgan Building, King Edward VII Ave., Cardiff, CF10 3WT) :</subfield>
    <subfield code="b">Cardiff University School of Social Sciences,</subfield>
    <subfield code="c">2002-2009.</subfield>
  </datafield>
  <datafield tag="300" ind1=" " ind2=" ">
    <subfield code="a">14 v. ;</subfield>
    <subfield code="c">30 cm.</subfield>
  </datafield>
  <datafield tag="310" ind1=" " ind2=" ">
    <subfield code="a">Quarterly</subfield>
  </datafield>
  <datafield tag="362" ind1="0" ind2=" ">
    <subfield code="a">Issue 1 (Jan. 2002)-issue 14 (2009).</subfield>
  </datafield>
  <datafield tag="610" ind1="2" ind2="0">
    <subfield code="a">Research Capacity Building Network</subfield>
    <subfield code="v">Periodicals.</subfield>
  </datafield>
  <datafield tag="650" ind1=" " ind2="0">
    <subfield code="a">Education</subfield>
    <subfield code="x">Research</subfield>
    <subfield code="z">Great Britain</subfield>
    <subfield code="v">Periodicals.</subfield>
  </datafield>
  <datafield tag="710" ind1="2" ind2=" ">
    <subfield code="a">Cardiff University.</subfield>
    <subfield code="b">School of Social Sciences.</subfield>
  </datafield>
  <datafield tag="852" ind1="4" ind2="1">
    <subfield code="a">British Library</subfield>
    <subfield code="b">HMNTS</subfield>
    <subfield code="j">ZK.9.b.19363</subfield>
    <subfield code="3">Issue 1 (Jan. 2002)-issue 14 (2009)</subfield>
  </datafield>
</record>