<record xmlns="http://www.loc.gov/MARC21/slim">
  <leader>01005nas a2200289 a 4500</leader>
  <controlfield tag="001">007899337</controlfield>
  <controlfield tag="003">Uk</controlfield>
  <controlfield tag="005">20120928160326.0</controlfield>
  <controlfield tag="006">aac  |||||||||||||</controlfield>
  <controlfield tag="007">ta</controlfield>
  <controlfield tag="008">910719d19901992enkbn p       0   a0eng  </controlfield>
  <datafield tag="015" ind1=" " ind2=" ">
    <subfield code="a">GB9121855</subfield>
    <subfield code="2">bnb</subfield>
  </datafield>
  <datafield tag="037" ind1=" " ind2=" ">
    <subfield code="c">No price</subfield>
  </datafield>
  <datafield tag="039" ind1="0" ind2=" ">
    <subfield code="a">2149</subfield>
  </datafield>
  <datafield tag="040" ind1=" " ind2=" ">
    <subfield code="a">Uk</subfield>
    <subfield code="c">Uk</subfield>
    <subfield code="d">Uk</subfield>
  </datafield>
  <datafield tag="082" ind1="0" ind2="4">
    <subfield code="a">378.4283</subfield>
    <subfield code="2">20</subfield>
  </datafield>
  <datafield tag="130" ind1="0" ind2=" ">
    <subfield code="a">Contact (Humberside Polytechnic)</subfield>
  </datafield>
  <datafield tag="245" ind1="1" ind2="0">
    <subfield code="a">Contact /</subfield>
    <subfield code="c">Humberside Polytechnic.</subfield>
  </datafield>
  <datafield tag="260" ind1=" " ind2=" ">
    <subfield code="a">[Hull] ([Marketing Unit, Cottingham Rd., Hull]) :</subfield>
    <subfield code="b">[Humberside Polytechnic],</subfield>
    <subfield code="c">1990-1992.</subfield>
  </datafield>
  <datafield tag="300" ind1=" " ind2=" ">
    <subfield code="a">v. :</subfield>
    <subfield code="b">ill., ports. ;</subfield>
    <subfield code="c">30 cm.</subfield>
  </datafield>
  <datafield tag="310" ind1=" " ind2=" ">
    <subfield code="a">Seven issues yearly</subfield>
  </datafield>
  <datafield tag="362" ind1="0" ind2=" ">
    <subfield code="a">Vol. 3, no. 1 (Oct. 1990)-v. 4, no. 7 (June 1992).</subfield>
  </datafield>
  <datafield tag="650" ind1=" " ind2="0">
    <subfield code="a">Education, Higher</subfield>
    <subfield code="z">England</subfield>
    <subfield code="z">Humberside</subfield>
    <subfield code="v">Periodicals.</subfield>
  </datafield>
  <datafield tag="710" ind1="2" ind2=" ">
    <subfield code="a">Humberside Polytechnic.</subfield>
  </datafield>
  <datafield tag="780" ind1="0" ind2="0">
    <subfield code="t">Contact (Humberside College of Higher Education)</subfield>
  </datafield>
  <datafield tag="785" ind1="0" ind2="0">
    <subfield code="t">Contact (University of Humberside)</subfield>
  </datafield>
  <datafield tag="852" ind1="4" ind2="1">
    <subfield code="a">British Library</subfield>
    <subfield code="b">HMNTS</subfield>
    <subfield code="j">ZC.9.b.3175</subfield>
    <subfield code="3">Vol. 3, no. 1 (Oct. 1990)-v. 4, no. 7 (June 1992)</subfield>
  </datafield>
</record>