<record xmlns="http://www.loc.gov/MARC21/slim">
  <leader>00671nam a2200217 a 4500</leader>
  <controlfield tag="001">008387173</controlfield>
  <controlfield tag="003">Uk</controlfield>
  <controlfield tag="005">20120924112911.0</controlfield>
  <controlfield tag="008">000522s1999    enka   j|     000 ||eng  </controlfield>
  <datafield tag="015" ind1=" " ind2=" ">
    <subfield code="a">GBA036066</subfield>
    <subfield code="2">bnb</subfield>
  </datafield>
  <datafield tag="020" ind1=" " ind2=" ">
    <subfield code="a">0751359912</subfield>
  </datafield>
  <datafield tag="035" ind1=" " ind2=" ">
    <subfield code="a">(UkOxU)O13790987</subfield>
  </datafield>
  <datafield tag="040" ind1=" " ind2=" ">
    <subfield code="a">UkOxU</subfield>
    <subfield code="d">Uk</subfield>
  </datafield>
  <datafield tag="245" ind1="0" ind2="0">
    <subfield code="a">My first word :</subfield>
    <subfield code="b">lift-the-flap board book.</subfield>
  </datafield>
  <datafield tag="260" ind1=" " ind2=" ">
    <subfield code="a">London :</subfield>
    <subfield code="b">Dorling Kindersley,</subfield>
    <subfield code="c">1999.</subfield>
  </datafield>
  <datafield tag="300" ind1=" " ind2=" ">
    <subfield code="a">[10] p. :</subfield>
    <subfield code="b">ill. ;</subfield>
    <subfield code="c">30 cm.</subfield>
  </datafield>
  <datafield tag="500" ind1=" " ind2=" ">
    <subfield code="a">Title from cover.</subfield>
  </datafield>
  <datafield tag="500" ind1=" " ind2=" ">
    <subfield code="a">Text and illustrations on inside covers.</subfield>
  </datafield>
  <datafield tag="500" ind1=" " ind2=" ">
    <subfield code="a">Lift-the-flap board book.</subfield>
  </datafield>
  <datafield tag="650" ind1=" " ind2="0">
    <subfield code="a">Vocabulary</subfield>
    <subfield code="v">Juvenile literature</subfield>
    <subfield code="v">Pictorial works.</subfield>
  </datafield>
  <datafield tag="852" ind1="4" ind2="1">
    <subfield code="a">British Library</subfield>
    <subfield code="b">HMNTS</subfield>
    <subfield code="j">CLE.3/2002.b.34</subfield>
  </datafield>
</record>