<record xmlns="http://www.loc.gov/MARC21/slim">
  <leader>00737nam a22002417a 4500</leader>
  <controlfield tag="001">008387226</controlfield>
  <controlfield tag="003">Uk</controlfield>
  <controlfield tag="005">20120924115335.0</controlfield>
  <controlfield tag="008">991118s2000    enka   j|     000 ||eng  </controlfield>
  <datafield tag="015" ind1=" " ind2=" ">
    <subfield code="a">GB99U8333</subfield>
    <subfield code="2">bnb</subfield>
  </datafield>
  <datafield tag="020" ind1=" " ind2=" ">
    <subfield code="a">0751363804 :</subfield>
    <subfield code="c">£4.99</subfield>
  </datafield>
  <datafield tag="039" ind1="0" ind2=" ">
    <subfield code="a">2568</subfield>
  </datafield>
  <datafield tag="040" ind1=" " ind2=" ">
    <subfield code="a">StDuBDS</subfield>
    <subfield code="d">Uk</subfield>
  </datafield>
  <datafield tag="082" ind1="0" ind2="4">
    <subfield code="a">516.15</subfield>
    <subfield code="2">21</subfield>
  </datafield>
  <datafield tag="245" ind1="0" ind2="0">
    <subfield code="a">Shapes.</subfield>
  </datafield>
  <datafield tag="260" ind1=" " ind2=" ">
    <subfield code="a">London :</subfield>
    <subfield code="b">Dorling Kindersley,</subfield>
    <subfield code="c">2000.</subfield>
  </datafield>
  <datafield tag="300" ind1=" " ind2=" ">
    <subfield code="a">[12] p. :</subfield>
    <subfield code="b">chiefly col. ill. ;</subfield>
    <subfield code="c">16 cm.</subfield>
  </datafield>
  <datafield tag="500" ind1=" " ind2=" ">
    <subfield code="a">Touch and feel board book.</subfield>
  </datafield>
  <datafield tag="500" ind1=" " ind2=" ">
    <subfield code="a">Formerly CIP.</subfield>
    <subfield code="5">Uk</subfield>
  </datafield>
  <datafield tag="650" ind1=" " ind2="0">
    <subfield code="a">Geometrical constructions</subfield>
    <subfield code="x">Pictorial works</subfield>
    <subfield code="x">Juvenile literature.</subfield>
  </datafield>
  <datafield tag="650" ind1=" " ind2="0">
    <subfield code="a">Form perception</subfield>
    <subfield code="x">Pictorial works</subfield>
    <subfield code="x">Juvenile literature.</subfield>
  </datafield>
  <datafield tag="830" ind1=" " ind2="0">
    <subfield code="a">Touch and feel.</subfield>
  </datafield>
  <datafield tag="852" ind1="4" ind2="1">
    <subfield code="a">British Library</subfield>
    <subfield code="b">HMNTS</subfield>
    <subfield code="j">CLE.1/2002.a.1</subfield>
  </datafield>
</record>