<record xmlns="http://www.loc.gov/MARC21/slim">
  <leader>01019nam a2200289 a 4500</leader>
  <controlfield tag="001">008387257</controlfield>
  <controlfield tag="003">Uk</controlfield>
  <controlfield tag="005">20120924115536.0</controlfield>
  <controlfield tag="008">991119s1999    enka   j|     000 1|eng  </controlfield>
  <datafield tag="015" ind1=" " ind2=" ">
    <subfield code="a">GB9980059</subfield>
    <subfield code="2">bnb</subfield>
  </datafield>
  <datafield tag="020" ind1=" " ind2=" ">
    <subfield code="a">0751366757</subfield>
  </datafield>
  <datafield tag="035" ind1=" " ind2=" ">
    <subfield code="a">(UkOxU)O13683690</subfield>
  </datafield>
  <datafield tag="040" ind1=" " ind2=" ">
    <subfield code="a">UkOxU</subfield>
    <subfield code="d">Uk</subfield>
  </datafield>
  <datafield tag="245" ind1="0" ind2="0">
    <subfield code="a">Mopatop's Shop ABC touch and feel lift the flaps! /</subfield>
    <subfield code="c">[illustration: Denis Ryan, photography: Dave King ... et al.].</subfield>
  </datafield>
  <datafield tag="246" ind1="3" ind2=" ">
    <subfield code="a">ABC touch and feel lift the flaps!</subfield>
  </datafield>
  <datafield tag="260" ind1=" " ind2=" ">
    <subfield code="a">[Harlow] :</subfield>
    <subfield code="b">Dorling Kindersley,</subfield>
    <subfield code="c">1999.</subfield>
  </datafield>
  <datafield tag="300" ind1=" " ind2=" ">
    <subfield code="a">[12] p. :</subfield>
    <subfield code="b">chiefly col. ill. ;</subfield>
    <subfield code="c">27 cm.</subfield>
  </datafield>
  <datafield tag="500" ind1=" " ind2=" ">
    <subfield code="a">Title from cover.</subfield>
  </datafield>
  <datafield tag="500" ind1=" " ind2=" ">
    <subfield code="a">"Jim Henson Company/Carlton Television" -- Back cover.</subfield>
  </datafield>
  <datafield tag="500" ind1=" " ind2=" ">
    <subfield code="a">ABC touch and feel lift the flaps!.</subfield>
  </datafield>
  <datafield tag="650" ind1=" " ind2="0">
    <subfield code="a">Textured books</subfield>
    <subfield code="v">Specimens.</subfield>
  </datafield>
  <datafield tag="700" ind1="1" ind2=" ">
    <subfield code="a">Ryan, Denis.</subfield>
  </datafield>
  <datafield tag="700" ind1="1" ind2=" ">
    <subfield code="a">King, Dave.</subfield>
  </datafield>
  <datafield tag="710" ind1="2" ind2=" ">
    <subfield code="a">Carlton Television.</subfield>
  </datafield>
  <datafield tag="710" ind1="2" ind2=" ">
    <subfield code="a">Jim Henson Company.</subfield>
  </datafield>
  <datafield tag="852" ind1="4" ind2="1">
    <subfield code="a">British Library</subfield>
    <subfield code="b">HMNTS</subfield>
    <subfield code="j">CLE.1/2002.b.1</subfield>
  </datafield>
  <datafield tag="886" ind1="2" ind2=" ">
    <subfield code="2">ukmarc</subfield>
    <subfield code="a">910</subfield>
    <subfield code="b">20</subfield>
    <subfield code="a">Henson Company</subfield>
    <subfield code="x">See</subfield>
    <subfield code="a">Jim Henson Company</subfield>
    <subfield code="z">710/1</subfield>
  </datafield>
</record>