<record xmlns="http://www.loc.gov/MARC21/slim">
  <leader>00677nam a2200217 a 4500</leader>
  <controlfield tag="001">008387355</controlfield>
  <controlfield tag="003">Uk</controlfield>
  <controlfield tag="005">20120924132708.0</controlfield>
  <controlfield tag="008">000522s1999    enka   j|     000 1|eng  </controlfield>
  <datafield tag="015" ind1=" " ind2=" ">
    <subfield code="a">GBA036093</subfield>
    <subfield code="2">bnb</subfield>
  </datafield>
  <datafield tag="020" ind1=" " ind2=" ">
    <subfield code="a">0751371467</subfield>
  </datafield>
  <datafield tag="035" ind1=" " ind2=" ">
    <subfield code="a">(UkOxU)O13791638</subfield>
  </datafield>
  <datafield tag="040" ind1=" " ind2=" ">
    <subfield code="a">UkOxU</subfield>
    <subfield code="d">Uk</subfield>
  </datafield>
  <datafield tag="100" ind1="1" ind2=" ">
    <subfield code="a">Ziefert, Harriet.</subfield>
  </datafield>
  <datafield tag="245" ind1="1" ind2="0">
    <subfield code="a">Max's potty /</subfield>
    <subfield code="c">Harriet Ziefert illustrated by Emily Bolam.</subfield>
  </datafield>
  <datafield tag="260" ind1=" " ind2=" ">
    <subfield code="a">London :</subfield>
    <subfield code="b">Dorling Kindersley,</subfield>
    <subfield code="c">1999.</subfield>
  </datafield>
  <datafield tag="300" ind1=" " ind2=" ">
    <subfield code="a">[15] p. :</subfield>
    <subfield code="b">ill. (chiefly col.) ;</subfield>
    <subfield code="c">21 cm.</subfield>
  </datafield>
  <datafield tag="500" ind1=" " ind2=" ">
    <subfield code="a">"A lift-the-flap story".</subfield>
  </datafield>
  <datafield tag="650" ind1=" " ind2="0">
    <subfield code="a">Toilet training</subfield>
    <subfield code="v">Pictorial works</subfield>
    <subfield code="v">Juvenile fiction.</subfield>
  </datafield>
  <datafield tag="700" ind1="1" ind2=" ">
    <subfield code="a">Bolam, Emily.</subfield>
  </datafield>
  <datafield tag="852" ind1="4" ind2="1">
    <subfield code="a">British Library</subfield>
    <subfield code="b">HMNTS</subfield>
    <subfield code="j">CLE.3/2002.a.344</subfield>
  </datafield>
</record>