<record xmlns="http://www.loc.gov/MARC21/slim">
  <leader>00832nam a2200229 a 4500</leader>
  <controlfield tag="001">008388492</controlfield>
  <controlfield tag="003">Uk</controlfield>
  <controlfield tag="005">20120924132958.0</controlfield>
  <controlfield tag="008">000428s2000    enka   j|     000 ||eng  </controlfield>
  <datafield tag="015" ind1=" " ind2=" ">
    <subfield code="a">GBA030740</subfield>
    <subfield code="2">bnb</subfield>
  </datafield>
  <datafield tag="020" ind1=" " ind2=" ">
    <subfield code="a">0752531654 :</subfield>
    <subfield code="c">No price</subfield>
  </datafield>
  <datafield tag="035" ind1=" " ind2=" ">
    <subfield code="a">(WlAbNL)A12268950</subfield>
  </datafield>
  <datafield tag="040" ind1=" " ind2=" ">
    <subfield code="a">WlAbNL</subfield>
    <subfield code="d">Uk</subfield>
  </datafield>
  <datafield tag="245" ind1="0" ind2="0">
    <subfield code="a">Who's hiding in the house? :</subfield>
    <subfield code="b">a wobbly-eyed lift-the-flap book /</subfield>
    <subfield code="c">[illustrator: Andrew Everitt-Stewart].</subfield>
  </datafield>
  <datafield tag="260" ind1=" " ind2=" ">
    <subfield code="a">Bath :</subfield>
    <subfield code="b">Parragon,</subfield>
    <subfield code="c">2000.</subfield>
  </datafield>
  <datafield tag="300" ind1=" " ind2=" ">
    <subfield code="a">[10] p. :</subfield>
    <subfield code="b">chiefly col.ill. ;</subfield>
    <subfield code="c">21 cm.</subfield>
  </datafield>
  <datafield tag="500" ind1=" " ind2=" ">
    <subfield code="a">Board book, with eye-holes in pages and wobbly eyes inside rear cover.</subfield>
  </datafield>
  <datafield tag="500" ind1=" " ind2=" ">
    <subfield code="a">Cover title.</subfield>
  </datafield>
  <datafield tag="650" ind1=" " ind2="0">
    <subfield code="a">Toy and movable books.</subfield>
  </datafield>
  <datafield tag="700" ind1="1" ind2=" ">
    <subfield code="a">Everitt-Stewart, Andy.</subfield>
  </datafield>
  <datafield tag="852" ind1="4" ind2="1">
    <subfield code="a">British Library</subfield>
    <subfield code="b">HMNTS</subfield>
    <subfield code="j">CLE.3/2002.a.355</subfield>
  </datafield>
  <datafield tag="886" ind1="2" ind2=" ">
    <subfield code="2">ukmarc</subfield>
    <subfield code="a">900</subfield>
    <subfield code="b">10</subfield>
    <subfield code="a">Stewart</subfield>
    <subfield code="h">Andy Everitt-</subfield>
    <subfield code="x">See</subfield>
    <subfield code="a">Everitt-Stewart, Andy</subfield>
    <subfield code="z">700</subfield>
  </datafield>
</record>