<record xmlns="http://www.loc.gov/MARC21/slim">
  <leader>00710nam a2200229 a 4500</leader>
  <controlfield tag="001">008388535</controlfield>
  <controlfield tag="003">Uk</controlfield>
  <controlfield tag="005">20120924133113.0</controlfield>
  <controlfield tag="008">010223s2001    enka   j|     000 ||eng  </controlfield>
  <datafield tag="015" ind1=" " ind2=" ">
    <subfield code="a">GBA114136</subfield>
    <subfield code="2">bnb</subfield>
  </datafield>
  <datafield tag="020" ind1=" " ind2=" ">
    <subfield code="a">0752547909</subfield>
  </datafield>
  <datafield tag="035" ind1=" " ind2=" ">
    <subfield code="a">(UkCU)c900426475</subfield>
  </datafield>
  <datafield tag="040" ind1=" " ind2=" ">
    <subfield code="a">UkCU</subfield>
    <subfield code="d">Uk</subfield>
  </datafield>
  <datafield tag="100" ind1="1" ind2=" ">
    <subfield code="a">Widdowson, Kay.</subfield>
  </datafield>
  <datafield tag="245" ind1="1" ind2="0">
    <subfield code="a">Little bunny is hungry /</subfield>
    <subfield code="c">illustrated by Kay Widdowson ; written by Phil McMylor.</subfield>
  </datafield>
  <datafield tag="260" ind1=" " ind2=" ">
    <subfield code="a">Bath :</subfield>
    <subfield code="b">Parragon,</subfield>
    <subfield code="c">2001.</subfield>
  </datafield>
  <datafield tag="300" ind1=" " ind2=" ">
    <subfield code="a">[15] p. :</subfield>
    <subfield code="b">chiefly col. ill. ;</subfield>
    <subfield code="c">12 x 15cm.</subfield>
  </datafield>
  <datafield tag="490" ind1="1" ind2=" ">
    <subfield code="a">Squeaky baby animals</subfield>
  </datafield>
  <datafield tag="500" ind1=" " ind2=" ">
    <subfield code="a">Board book, with squeaky rabbit attached.</subfield>
  </datafield>
  <datafield tag="700" ind1="1" ind2=" ">
    <subfield code="a">McMylor, Phil.</subfield>
  </datafield>
  <datafield tag="830" ind1=" " ind2="0">
    <subfield code="a">Squeaky baby animals</subfield>
  </datafield>
  <datafield tag="852" ind1="4" ind2="1">
    <subfield code="a">British Library</subfield>
    <subfield code="b">HMNTS</subfield>
    <subfield code="j">CLE.4/2002.a.39</subfield>
  </datafield>
</record>