<record xmlns="http://www.loc.gov/MARC21/slim">
  <leader>00662nam a22002417a 4500</leader>
  <controlfield tag="001">008390738</controlfield>
  <controlfield tag="003">Uk</controlfield>
  <controlfield tag="005">20120924133323.0</controlfield>
  <controlfield tag="008">970403s1997    enka   j|     000 ||eng  </controlfield>
  <datafield tag="015" ind1=" " ind2=" ">
    <subfield code="a">GB97Y6081</subfield>
    <subfield code="2">bnb</subfield>
  </datafield>
  <datafield tag="020" ind1=" " ind2=" ">
    <subfield code="a">0753401649 (pbk) :</subfield>
  </datafield>
  <datafield tag="039" ind1="0" ind2=" ">
    <subfield code="a">2436</subfield>
  </datafield>
  <datafield tag="040" ind1=" " ind2=" ">
    <subfield code="a">StDuBDS</subfield>
    <subfield code="d">Uk</subfield>
  </datafield>
  <datafield tag="082" ind1="0" ind2="4">
    <subfield code="a">595.7</subfield>
    <subfield code="2">21</subfield>
  </datafield>
  <datafield tag="100" ind1="1" ind2=" ">
    <subfield code="a">Wright, David,</subfield>
    <subfield code="d">1953-</subfield>
  </datafield>
  <datafield tag="245" ind1="1" ind2="0">
    <subfield code="a">Creepy crawlies.</subfield>
  </datafield>
  <datafield tag="260" ind1=" " ind2=" ">
    <subfield code="a">London :</subfield>
    <subfield code="b">Kingfisher,</subfield>
    <subfield code="c">1997.</subfield>
  </datafield>
  <datafield tag="300" ind1=" " ind2=" ">
    <subfield code="a">15 p. :</subfield>
    <subfield code="b">col. ill. ;</subfield>
    <subfield code="c">24 cm.</subfield>
  </datafield>
  <datafield tag="500" ind1=" " ind2=" ">
    <subfield code="a">Mobiles inside book.</subfield>
  </datafield>
  <datafield tag="500" ind1=" " ind2=" ">
    <subfield code="a">Formerly CIP.</subfield>
    <subfield code="5">Uk</subfield>
  </datafield>
  <datafield tag="650" ind1=" " ind2="0">
    <subfield code="a">Insects</subfield>
    <subfield code="x">Juvenile literature.</subfield>
  </datafield>
  <datafield tag="830" ind1=" " ind2="0">
    <subfield code="a">Kingfisher mobile books.</subfield>
  </datafield>
  <datafield tag="852" ind1="4" ind2="1">
    <subfield code="a">British Library</subfield>
    <subfield code="b">HMNTS</subfield>
    <subfield code="j">CLE.3/2003.b.115</subfield>
  </datafield>
</record>