<record xmlns="http://www.loc.gov/MARC21/slim">
  <leader>00788nas a2200289 a 4500</leader>
  <controlfield tag="001">008563040</controlfield>
  <controlfield tag="003">Uk</controlfield>
  <controlfield tag="005">20120924143859.0</controlfield>
  <controlfield tag="006">aac  |||||||||||||</controlfield>
  <controlfield tag="007">ta</controlfield>
  <controlfield tag="008">931013d19932007enkbr p       0   a0eng  </controlfield>
  <datafield tag="015" ind1=" " ind2=" ">
    <subfield code="a">GB9363946</subfield>
    <subfield code="2">bnb</subfield>
  </datafield>
  <datafield tag="022" ind1="0" ind2=" ">
    <subfield code="a">1351-5098</subfield>
    <subfield code="2">02</subfield>
  </datafield>
  <datafield tag="037" ind1=" " ind2=" ">
    <subfield code="c">£9.00 per year</subfield>
  </datafield>
  <datafield tag="039" ind1="0" ind2=" ">
    <subfield code="a">2267</subfield>
  </datafield>
  <datafield tag="040" ind1=" " ind2=" ">
    <subfield code="a">Uk</subfield>
    <subfield code="c">Uk</subfield>
    <subfield code="d">Uk</subfield>
  </datafield>
  <datafield tag="042" ind1=" " ind2=" ">
    <subfield code="a">issnuk</subfield>
  </datafield>
  <datafield tag="082" ind1="0" ind2="4">
    <subfield code="a">828.91408</subfield>
    <subfield code="2">20</subfield>
  </datafield>
  <datafield tag="210" ind1="0" ind2=" ">
    <subfield code="a">Idler</subfield>
    <subfield code="b">(Lond.)</subfield>
  </datafield>
  <datafield tag="222" ind1=" " ind2="0">
    <subfield code="a">Idler</subfield>
    <subfield code="b">(London)</subfield>
  </datafield>
  <datafield tag="245" ind1="0" ind2="4">
    <subfield code="a">The Idler :</subfield>
    <subfield code="b">literature for loafers.</subfield>
  </datafield>
  <datafield tag="260" ind1=" " ind2=" ">
    <subfield code="a">London :</subfield>
    <subfield code="b">The Idler,</subfield>
    <subfield code="c">1993-</subfield>
  </datafield>
  <datafield tag="300" ind1=" " ind2=" ">
    <subfield code="a">v.</subfield>
  </datafield>
  <datafield tag="310" ind1=" " ind2=" ">
    <subfield code="a">Six issues yearly</subfield>
  </datafield>
  <datafield tag="362" ind1="0" ind2=" ">
    <subfield code="a">No. 1 (Aug. 1993)-no. 41 (spring 2007).</subfield>
  </datafield>
  <datafield tag="650" ind1=" " ind2="0">
    <subfield code="a">English prose literature.</subfield>
  </datafield>
  <datafield tag="852" ind1="4" ind2="1">
    <subfield code="a">British Library</subfield>
    <subfield code="b">HMNTS</subfield>
    <subfield code="j">ZC.9.b.5565</subfield>
    <subfield code="3">No. 1 (Aug. 1993)-no. 41 (spring 2007)</subfield>
  </datafield>
</record>