<record xmlns="http://www.loc.gov/MARC21/slim">
  <leader>01092nam a2200325 a 4500</leader>
  <controlfield tag="001">010275903</controlfield>
  <controlfield tag="003">Uk</controlfield>
  <controlfield tag="005">20120919165224.0</controlfield>
  <controlfield tag="008">020425r20022001meu     d    |000 1|eng  </controlfield>
  <datafield tag="010" ind1=" " ind2=" ">
    <subfield code="a">  2002068623</subfield>
  </datafield>
  <datafield tag="015" ind1=" " ind2=" ">
    <subfield code="a">GBB294747</subfield>
    <subfield code="2">bnb</subfield>
  </datafield>
  <datafield tag="020" ind1=" " ind2=" ">
    <subfield code="a">0786243643</subfield>
  </datafield>
  <datafield tag="040" ind1=" " ind2=" ">
    <subfield code="a">DLC</subfield>
    <subfield code="c">DLC</subfield>
    <subfield code="d">DLC</subfield>
    <subfield code="d">Uk</subfield>
  </datafield>
  <datafield tag="042" ind1=" " ind2=" ">
    <subfield code="a">ukblsr</subfield>
  </datafield>
  <datafield tag="050" ind1="1" ind2="0">
    <subfield code="a">PS3552.A33</subfield>
    <subfield code="b">T53 2002</subfield>
  </datafield>
  <datafield tag="082" ind1="0" ind2="0">
    <subfield code="a">813.54</subfield>
    <subfield code="2">23</subfield>
  </datafield>
  <datafield tag="100" ind1="1" ind2=" ">
    <subfield code="a">Baer, Judy.</subfield>
  </datafield>
  <datafield tag="245" ind1="1" ind2="0">
    <subfield code="a">Tia's story /</subfield>
    <subfield code="c">Judy Baer.</subfield>
  </datafield>
  <datafield tag="250" ind1=" " ind2=" ">
    <subfield code="a">Large print ed.</subfield>
  </datafield>
  <datafield tag="260" ind1=" " ind2=" ">
    <subfield code="a">Waterville, Me. :</subfield>
    <subfield code="b">Thorndike Press,</subfield>
    <subfield code="c">2002, c2001.</subfield>
  </datafield>
  <datafield tag="300" ind1=" " ind2=" ">
    <subfield code="a">383 p. (large print) ;</subfield>
    <subfield code="c">23 cm.</subfield>
  </datafield>
  <datafield tag="490" ind1="0" ind2=" ">
    <subfield code="a">Thorndike Press large print Christian romance series</subfield>
  </datafield>
  <datafield tag="500" ind1=" " ind2=" ">
    <subfield code="a">Second in a trilogy with Jenny's story and Libby's story.</subfield>
  </datafield>
  <datafield tag="500" ind1=" " ind2=" ">
    <subfield code="a">Standard print ed. originally published : Wheaton, Ill. : Tyndale House, 2001.</subfield>
  </datafield>
  <datafield tag="650" ind1=" " ind2="0">
    <subfield code="a">Large type books.</subfield>
  </datafield>
  <datafield tag="650" ind1=" " ind2="0">
    <subfield code="a">Businesswomen</subfield>
    <subfield code="v">Fiction.</subfield>
  </datafield>
  <datafield tag="650" ind1=" " ind2="0">
    <subfield code="a">Abused women</subfield>
    <subfield code="x">Services for</subfield>
    <subfield code="v">Fiction.</subfield>
  </datafield>
  <datafield tag="650" ind1=" " ind2="0">
    <subfield code="a">Volunteer workers in social service</subfield>
    <subfield code="v">Fiction.</subfield>
  </datafield>
  <datafield tag="655" ind1=" " ind2="7">
    <subfield code="a">Christian fiction.</subfield>
    <subfield code="2">gsafd</subfield>
  </datafield>
  <datafield tag="852" ind1="4" ind2="1">
    <subfield code="a">British Library</subfield>
    <subfield code="b">HMNTS</subfield>
    <subfield code="j">LT.2012.x.3868</subfield>
  </datafield>
</record>