<record xmlns="http://www.loc.gov/MARC21/slim">
  <leader>01004nam a2200313 a 4500</leader>
  <controlfield tag="001">010275904</controlfield>
  <controlfield tag="003">Uk</controlfield>
  <controlfield tag="005">20120919174206.0</controlfield>
  <controlfield tag="008">020823r20022001meu     d     000 1 eng  </controlfield>
  <datafield tag="010" ind1=" " ind2=" ">
    <subfield code="a">  2002073222</subfield>
  </datafield>
  <datafield tag="015" ind1=" " ind2=" ">
    <subfield code="a">GBB294750</subfield>
    <subfield code="2">bnb</subfield>
  </datafield>
  <datafield tag="020" ind1=" " ind2=" ">
    <subfield code="a">0786246103</subfield>
  </datafield>
  <datafield tag="040" ind1=" " ind2=" ">
    <subfield code="a">DLC</subfield>
    <subfield code="c">DLC</subfield>
    <subfield code="d">DLC</subfield>
    <subfield code="d">Uk</subfield>
  </datafield>
  <datafield tag="042" ind1=" " ind2=" ">
    <subfield code="a">ukblsr</subfield>
  </datafield>
  <datafield tag="050" ind1="1" ind2="0">
    <subfield code="a">PS3563.Y36</subfield>
    <subfield code="b">W48 2002</subfield>
  </datafield>
  <datafield tag="082" ind1="0" ind2="0">
    <subfield code="a">813.54</subfield>
    <subfield code="2">23</subfield>
  </datafield>
  <datafield tag="100" ind1="1" ind2=" ">
    <subfield code="a">Myers, Bill,</subfield>
    <subfield code="d">1953-</subfield>
  </datafield>
  <datafield tag="245" ind1="1" ind2="0">
    <subfield code="a">When the last leaf falls /</subfield>
    <subfield code="c">Bill Myers.</subfield>
  </datafield>
  <datafield tag="250" ind1=" " ind2=" ">
    <subfield code="a">Large print ed.</subfield>
  </datafield>
  <datafield tag="260" ind1=" " ind2=" ">
    <subfield code="a">Waterville, Me. :</subfield>
    <subfield code="b">Thorndike Press,</subfield>
    <subfield code="c">2002, c2001.</subfield>
  </datafield>
  <datafield tag="300" ind1=" " ind2=" ">
    <subfield code="a">176 p. (large print) ;</subfield>
    <subfield code="c">23 cm.</subfield>
  </datafield>
  <datafield tag="490" ind1="0" ind2=" ">
    <subfield code="a">Thorndike Press large print inspirational series</subfield>
  </datafield>
  <datafield tag="500" ind1=" " ind2=" ">
    <subfield code="a">Standard print ed. originally published : Grand Rapids, Mich. : Zondervan, 2001.</subfield>
  </datafield>
  <datafield tag="500" ind1=" " ind2=" ">
    <subfield code="a">"A novella"--Front cover.</subfield>
  </datafield>
  <datafield tag="650" ind1=" " ind2="0">
    <subfield code="a">Terminally ill</subfield>
    <subfield code="v">Fiction.</subfield>
  </datafield>
  <datafield tag="650" ind1=" " ind2="0">
    <subfield code="a">Grandfathers</subfield>
    <subfield code="v">Fiction.</subfield>
  </datafield>
  <datafield tag="650" ind1=" " ind2="0">
    <subfield code="a">Large type books.</subfield>
  </datafield>
  <datafield tag="655" ind1=" " ind2="7">
    <subfield code="a">Christian fiction.</subfield>
    <subfield code="2">lcsh</subfield>
  </datafield>
  <datafield tag="852" ind1="4" ind2="1">
    <subfield code="a">British Library</subfield>
    <subfield code="b">HMNTS</subfield>
    <subfield code="j">LT.2012.x.3849</subfield>
  </datafield>
</record>