<record xmlns="http://www.loc.gov/MARC21/slim">
  <leader>01482nas a2200385 a 4500</leader>
  <controlfield tag="001">012092318</controlfield>
  <controlfield tag="003">Uk</controlfield>
  <controlfield tag="005">20120925114921.0</controlfield>
  <controlfield tag="007">ta</controlfield>
  <controlfield tag="008">760415d19742003enkmr p       0   a0eng  </controlfield>
  <datafield tag="015" ind1=" " ind2=" ">
    <subfield code="a">GB7405528</subfield>
    <subfield code="2">bnb</subfield>
  </datafield>
  <datafield tag="022" ind1="0" ind2=" ">
    <subfield code="a">0301-7028</subfield>
    <subfield code="2">02</subfield>
  </datafield>
  <datafield tag="037" ind1=" " ind2=" ">
    <subfield code="c">£0.55</subfield>
  </datafield>
  <datafield tag="040" ind1=" " ind2=" ">
    <subfield code="a">Uk</subfield>
    <subfield code="c">Uk</subfield>
    <subfield code="d">Uk</subfield>
  </datafield>
  <datafield tag="050" ind1="0" ind2="0">
    <subfield code="a">TD201</subfield>
  </datafield>
  <datafield tag="082" ind1="0" ind2="4">
    <subfield code="a">338.47628105</subfield>
    <subfield code="2">18</subfield>
  </datafield>
  <datafield tag="084" ind1=" " ind2=" ">
    <subfield code="a">SL 40</subfield>
    <subfield code="2">blsrissc</subfield>
  </datafield>
  <datafield tag="210" ind1="0" ind2=" ">
    <subfield code="a">Water serv.</subfield>
  </datafield>
  <datafield tag="222" ind1=" " ind2="0">
    <subfield code="a">Water services</subfield>
  </datafield>
  <datafield tag="245" ind1="0" ind2="0">
    <subfield code="a">Water services.</subfield>
  </datafield>
  <datafield tag="260" ind1=" " ind2=" ">
    <subfield code="a">Redhill :</subfield>
    <subfield code="b">Industrial Trade Publications,</subfield>
    <subfield code="c">1974-2003.</subfield>
  </datafield>
  <datafield tag="300" ind1=" " ind2=" ">
    <subfield code="a">v. :</subfield>
    <subfield code="b">ill. ;</subfield>
    <subfield code="c">30 cm.</subfield>
  </datafield>
  <datafield tag="310" ind1=" " ind2=" ">
    <subfield code="a">Monthly</subfield>
  </datafield>
  <datafield tag="362" ind1="0" ind2=" ">
    <subfield code="a">Vol. 78, no. 935 (Jan. 1974)-v. 106, issue 5 (Oct. 2003).</subfield>
  </datafield>
  <datafield tag="500" ind1=" " ind2=" ">
    <subfield code="a">From vol.88, no.1063, 1984 to vol.91, no.1097, 1987 every fourth issue entitled "European water and sewage".</subfield>
  </datafield>
  <datafield tag="500" ind1=" " ind2=" ">
    <subfield code="a">Publisher varies.</subfield>
  </datafield>
  <datafield tag="540" ind1=" " ind2=" ">
    <subfield code="a">Current Copyright Fee: GBP12.00</subfield>
    <subfield code="c">0</subfield>
    <subfield code="5">Uk</subfield>
  </datafield>
  <datafield tag="650" ind1=" " ind2="0">
    <subfield code="a">Water-supply engineering</subfield>
    <subfield code="v">Periodicals.</subfield>
  </datafield>
  <datafield tag="740" ind1="0" ind2=" ">
    <subfield code="a">European water and sewage.</subfield>
  </datafield>
  <datafield tag="780" ind1="0" ind2="0">
    <subfield code="t">Water and water engineering</subfield>
    <subfield code="x">0043-1168</subfield>
  </datafield>
  <datafield tag="787" ind1="0" ind2=" ">
    <subfield code="t">Water Services year book</subfield>
    <subfield code="x">0140-1742</subfield>
  </datafield>
  <datafield tag="852" ind1="4" ind2="1">
    <subfield code="a">British Library</subfield>
    <subfield code="b">DSC</subfield>
    <subfield code="j">9275.450000</subfield>
    <subfield code="3">VOL. 78//NO. 935, 1974- VOL. 106//NO.5, 2003 *A=1</subfield>
  </datafield>
  <datafield tag="852" ind1="4" ind2="1">
    <subfield code="a">British Library</subfield>
    <subfield code="b">HMNTS</subfield>
    <subfield code="j">COLINDALE</subfield>
  </datafield>
  <datafield tag="852" ind1="7" ind2="1">
    <subfield code="a">British Library</subfield>
    <subfield code="b">STI</subfield>
    <subfield code="k">(P)</subfield>
    <subfield code="h">SL 40</subfield>
    <subfield code="m">-E(7)</subfield>
    <subfield code="2">blsrissc</subfield>
    <subfield code="3">1974-1994; Vol.78-98. No.935-1187. ; Deficient: no.1121-22, 1989; no.1125-29, 1989-90: no.1131-36, 1138-40, 1990; no.1160, 1992; no.1168, 1993</subfield>
  </datafield>
  <datafield tag="959" ind1=" " ind2=" ">
    <subfield code="f">Held but not currently received</subfield>
  </datafield>
</record>