<record xmlns="http://www.loc.gov/MARC21/slim">
  <leader>02569nas a2200553 a 4500</leader>
  <controlfield tag="001">012100432</controlfield>
  <controlfield tag="003">Uk</controlfield>
  <controlfield tag="005">20121002110550.0</controlfield>
  <controlfield tag="007">ta</controlfield>
  <controlfield tag="008">771001c19329999enkmr p       0   a0eng  </controlfield>
  <datafield tag="015" ind1=" " ind2=" ">
    <subfield code="a">GBB298498</subfield>
    <subfield code="2">bnb</subfield>
  </datafield>
  <datafield tag="022" ind1=" " ind2=" ">
    <subfield code="a">0009-3068</subfield>
    <subfield code="2">02</subfield>
  </datafield>
  <datafield tag="030" ind1=" " ind2=" ">
    <subfield code="a">CHINAG</subfield>
  </datafield>
  <datafield tag="040" ind1=" " ind2=" ">
    <subfield code="a">Uk</subfield>
    <subfield code="c">Uk</subfield>
    <subfield code="d">Uk</subfield>
  </datafield>
  <datafield tag="042" ind1=" " ind2=" ">
    <subfield code="a">issnuk</subfield>
  </datafield>
  <datafield tag="082" ind1="0" ind2="4">
    <subfield code="a">660</subfield>
    <subfield code="2">21</subfield>
  </datafield>
  <datafield tag="084" ind1=" " ind2=" ">
    <subfield code="a">LT 00</subfield>
    <subfield code="2">blsrissc</subfield>
  </datafield>
  <datafield tag="210" ind1="0" ind2=" ">
    <subfield code="a">Chem. Ind.</subfield>
    <subfield code="b">(Lond.)</subfield>
  </datafield>
  <datafield tag="222" ind1=" " ind2="0">
    <subfield code="a">Chemistry and industry</subfield>
    <subfield code="b">(London)</subfield>
  </datafield>
  <datafield tag="245" ind1="0" ind2="0">
    <subfield code="a">Chemistry and industry.</subfield>
  </datafield>
  <datafield tag="246" ind1="1" ind2="3">
    <subfield code="a">Chemistry &amp; industry,</subfield>
    <subfield code="f">&lt;1984- &gt;</subfield>
  </datafield>
  <datafield tag="260" ind1=" " ind2=" ">
    <subfield code="a">London :</subfield>
    <subfield code="b">Society of Chemical Industry,</subfield>
    <subfield code="c">1932-</subfield>
  </datafield>
  <datafield tag="260" ind1="2" ind2=" ">
    <subfield code="3">-2011</subfield>
    <subfield code="a">London :</subfield>
    <subfield code="b">Ten Alps Creative on behalf of the Society of Chemical Industry</subfield>
  </datafield>
  <datafield tag="260" ind1="3" ind2=" ">
    <subfield code="3">2011-</subfield>
    <subfield code="a">Chichester :</subfield>
    <subfield code="b">Wiley on behalf of the Society of Chemical Industry</subfield>
  </datafield>
  <datafield tag="300" ind1=" " ind2=" ">
    <subfield code="a">v. ;</subfield>
    <subfield code="c">27-30 cm.</subfield>
  </datafield>
  <datafield tag="310" ind1=" " ind2=" ">
    <subfield code="a">Monthly,</subfield>
    <subfield code="b">2012-</subfield>
  </datafield>
  <datafield tag="321" ind1=" " ind2=" ">
    <subfield code="a">Semimonthly,</subfield>
    <subfield code="b">1970-2011</subfield>
  </datafield>
  <datafield tag="321" ind1=" " ind2=" ">
    <subfield code="a">Weekly,</subfield>
    <subfield code="b">1932-1969</subfield>
  </datafield>
  <datafield tag="500" ind1=" " ind2=" ">
    <subfield code="a">From 1972, contains supplement "Society of Chemical Industry. Bulletin", q.v., later "Society of Chemical Industry. SCI bulletin of news and events", q.v., and later again "Society of Chemical Industry. SCI bulletin", q.v.</subfield>
  </datafield>
  <datafield tag="515" ind1=" " ind2=" ">
    <subfield code="a">Vol.62, 1943, adopts volume numbering of parent journal ; thereafter volume numbering ceases until 2012 when issues carry volume and issue numbering again.</subfield>
  </datafield>
  <datafield tag="530" ind1=" " ind2=" ">
    <subfield code="a">Also issued online.</subfield>
  </datafield>
  <datafield tag="540" ind1=" " ind2=" ">
    <subfield code="a">Current copyright fee: GBP22.00</subfield>
    <subfield code="c">35\0</subfield>
    <subfield code="5">Uk</subfield>
  </datafield>
  <datafield tag="580" ind1=" " ind2=" ">
    <subfield code="a">Vol. 10-20, 1932-42, published as a section of: Journal of the Society of Chemical Industry.</subfield>
  </datafield>
  <datafield tag="588" ind1=" " ind2=" ">
    <subfield code="a">Latest issue consulted: Issue 23 (5th Dec. 2011).</subfield>
  </datafield>
  <datafield tag="650" ind1=" " ind2="0">
    <subfield code="a">Chemistry, Technical</subfield>
    <subfield code="v">Periodicals.</subfield>
  </datafield>
  <datafield tag="650" ind1=" " ind2="0">
    <subfield code="a">Chemical industry</subfield>
    <subfield code="v">Periodicals.</subfield>
  </datafield>
  <datafield tag="710" ind1="2" ind2=" ">
    <subfield code="a">Society of Chemical Industry (Great Britain)</subfield>
  </datafield>
  <datafield tag="770" ind1="0" ind2=" ">
    <subfield code="t">Bulletin of the Society of Chemical Industry</subfield>
    <subfield code="x">0300-5232</subfield>
  </datafield>
  <datafield tag="770" ind1="0" ind2=" ">
    <subfield code="t">SCI bulletin of news and events</subfield>
  </datafield>
  <datafield tag="770" ind1="0" ind2=" ">
    <subfield code="t">SCInews (London)</subfield>
    <subfield code="x">1475-5300</subfield>
  </datafield>
  <datafield tag="770" ind1="0" ind2=" ">
    <subfield code="t">Chemistry &amp; industry. The supply line</subfield>
    <subfield code="x">1475-5319</subfield>
  </datafield>
  <datafield tag="776" ind1="1" ind2=" ">
    <subfield code="t">Chemistry and industry (Online)</subfield>
    <subfield code="x">2047-6329</subfield>
  </datafield>
  <datafield tag="780" ind1="0" ind2="0">
    <subfield code="t">Chemistry and industry review</subfield>
  </datafield>
  <datafield tag="780" ind1="0" ind2="5">
    <subfield code="a">Society of Chemical Industry (Great Britain)</subfield>
    <subfield code="s">In the loop</subfield>
    <subfield code="x">1748-0655</subfield>
  </datafield>
  <datafield tag="852" ind1="4" ind2="1">
    <subfield code="a">British Library</subfield>
    <subfield code="b">HMNTS</subfield>
    <subfield code="j">Ac.3926.1.</subfield>
    <subfield code="3">1932-</subfield>
  </datafield>
  <datafield tag="852" ind1="7" ind2="1">
    <subfield code="a">British Library</subfield>
    <subfield code="b">STI</subfield>
    <subfield code="k">(P)</subfield>
    <subfield code="h">LT 00</subfield>
    <subfield code="m">-E(12)</subfield>
    <subfield code="2">blsrissc</subfield>
    <subfield code="3">1944- ; Deficient: 1991, no.2; 1992, no.19</subfield>
  </datafield>
  <datafield tag="852" ind1="4" ind2="1">
    <subfield code="a">British Library</subfield>
    <subfield code="b">DSC</subfield>
    <subfield code="j">3170.000000</subfield>
    <subfield code="3">Vol. 52 (1933)-issue 24 (2011)***UKRR Retained Title</subfield>
  </datafield>
  <datafield tag="852" ind1="7" ind2="1">
    <subfield code="a">British Library</subfield>
    <subfield code="b">STI</subfield>
    <subfield code="k">(P)</subfield>
    <subfield code="h">LT 00</subfield>
    <subfield code="m">-E(13)</subfield>
    <subfield code="2">blsrissc</subfield>
    <subfield code="3">1932-1942</subfield>
  </datafield>
  <datafield tag="959" ind1=" " ind2=" ">
    <subfield code="f">Held but not currently received</subfield>
  </datafield>
</record>