<record xmlns="http://www.loc.gov/MARC21/slim">
  <leader>00846nam a2200253 a 4500</leader>
  <controlfield tag="001">013385636</controlfield>
  <controlfield tag="003">Uk</controlfield>
  <controlfield tag="005">20120924210910.0</controlfield>
  <controlfield tag="008">060124s2005    enk          f000 0 eng  </controlfield>
  <datafield tag="015" ind1=" " ind2=" ">
    <subfield code="a">GBB295616</subfield>
    <subfield code="2">bnb</subfield>
  </datafield>
  <datafield tag="020" ind1=" " ind2=" ">
    <subfield code="a">0337087849 (unbound) :</subfield>
    <subfield code="c">£3.00</subfield>
  </datafield>
  <datafield tag="035" ind1=" " ind2=" ">
    <subfield code="a">(IeDuTC)b151165191</subfield>
  </datafield>
  <datafield tag="040" ind1=" " ind2=" ">
    <subfield code="a">Uk</subfield>
    <subfield code="b">eng</subfield>
    <subfield code="c">Uk</subfield>
    <subfield code="d">IeDuTC</subfield>
  </datafield>
  <datafield tag="042" ind1=" " ind2=" ">
    <subfield code="a">ukscp</subfield>
  </datafield>
  <datafield tag="044" ind1=" " ind2=" ">
    <subfield code="a">enk</subfield>
    <subfield code="a">nik</subfield>
  </datafield>
  <datafield tag="082" ind1="0" ind2="4">
    <subfield code="a">331.2529135109416</subfield>
    <subfield code="2">22</subfield>
  </datafield>
  <datafield tag="110" ind1="1" ind2=" ">
    <subfield code="a">Northern Ireland.</subfield>
    <subfield code="b">Dept. of Finance and Personnel.</subfield>
  </datafield>
  <datafield tag="245" ind1="1" ind2="0">
    <subfield code="a">Civil Service Injury Benefits (Amendment) Scheme (Northern Ireland) 2005 /</subfield>
    <subfield code="c">Department of Finance and Personnel.</subfield>
  </datafield>
  <datafield tag="260" ind1=" " ind2=" ">
    <subfield code="a">Norwich ;</subfield>
    <subfield code="a">Belfast :</subfield>
    <subfield code="b">TSO,</subfield>
    <subfield code="c">[2005]</subfield>
  </datafield>
  <datafield tag="300" ind1=" " ind2=" ">
    <subfield code="a">7 p. ;</subfield>
    <subfield code="c">30 cm.</subfield>
  </datafield>
  <datafield tag="500" ind1=" " ind2=" ">
    <subfield code="a">Title from cover.</subfield>
  </datafield>
  <datafield tag="650" ind1=" " ind2="0">
    <subfield code="a">Workers' compensation</subfield>
    <subfield code="z">Northern Ireland.</subfield>
  </datafield>
  <datafield tag="650" ind1=" " ind2="0">
    <subfield code="a">Civil service</subfield>
    <subfield code="z">Northern Ireland.</subfield>
  </datafield>
  <datafield tag="852" ind1="4" ind2="1">
    <subfield code="a">British Library</subfield>
    <subfield code="b">DSC</subfield>
    <subfield code="j">m06/.12251</subfield>
  </datafield>
</record>