<record xmlns="http://www.loc.gov/MARC21/slim">
  <leader>01949nas a2200505 a 4500</leader>
  <controlfield tag="001">013430729</controlfield>
  <controlfield tag="003">Uk</controlfield>
  <controlfield tag="005">20120919082839.0</controlfield>
  <controlfield tag="006">m        d        </controlfield>
  <controlfield tag="007">cr mnu||||||||</controlfield>
  <controlfield tag="008">060106c20069999enkmr pss     0   a0eng c</controlfield>
  <datafield tag="010" ind1=" " ind2=" ">
    <subfield code="a">2006264518</subfield>
  </datafield>
  <datafield tag="015" ind1=" " ind2=" ">
    <subfield code="a">GBB294666</subfield>
    <subfield code="2">bnb</subfield>
  </datafield>
  <datafield tag="022" ind1="0" ind2=" ">
    <subfield code="a">1748-1716</subfield>
    <subfield code="y">1748-1708</subfield>
    <subfield code="2">02</subfield>
  </datafield>
  <datafield tag="035" ind1=" " ind2=" ">
    <subfield code="a">(OCoLC)62792390</subfield>
  </datafield>
  <datafield tag="040" ind1=" " ind2=" ">
    <subfield code="a">OHS</subfield>
    <subfield code="c">OHS</subfield>
    <subfield code="d">OHS</subfield>
    <subfield code="d">SBH</subfield>
    <subfield code="d">DLC</subfield>
    <subfield code="d">AGL</subfield>
    <subfield code="d">KSU</subfield>
    <subfield code="d">OCLCQ</subfield>
    <subfield code="d">Uk</subfield>
  </datafield>
  <datafield tag="042" ind1=" " ind2=" ">
    <subfield code="a">issnuk</subfield>
    <subfield code="a">ukblsr</subfield>
  </datafield>
  <datafield tag="050" ind1="1" ind2="4">
    <subfield code="a">QP1</subfield>
    <subfield code="b">.A28</subfield>
  </datafield>
  <datafield tag="070" ind1="0" ind2=" ">
    <subfield code="a">QP1</subfield>
    <subfield code="b">.A2</subfield>
  </datafield>
  <datafield tag="072" ind1=" " ind2="0">
    <subfield code="a">X300</subfield>
  </datafield>
  <datafield tag="082" ind1="0" ind2="4">
    <subfield code="a">612</subfield>
    <subfield code="2">23</subfield>
  </datafield>
  <datafield tag="130" ind1="0" ind2=" ">
    <subfield code="a">Acta physiologica (Online)</subfield>
  </datafield>
  <datafield tag="210" ind1="1" ind2="0">
    <subfield code="a">Acta physiol</subfield>
  </datafield>
  <datafield tag="222" ind1=" " ind2="0">
    <subfield code="a">Acta physiologica</subfield>
    <subfield code="b">(Online)</subfield>
  </datafield>
  <datafield tag="245" ind1="1" ind2="0">
    <subfield code="a">Acta physiologica</subfield>
    <subfield code="h">[electronic resource].</subfield>
  </datafield>
  <datafield tag="246" ind1="1" ind2="7">
    <subfield code="a">Acta physiol</subfield>
  </datafield>
  <datafield tag="260" ind1=" " ind2=" ">
    <subfield code="a">[Oxford] :</subfield>
    <subfield code="b">Blackwell</subfield>
  </datafield>
  <datafield tag="310" ind1=" " ind2=" ">
    <subfield code="a">Monthly</subfield>
  </datafield>
  <datafield tag="362" ind1="0" ind2=" ">
    <subfield code="a">Vol. 186, issue 1 (Jan. 2006)-</subfield>
  </datafield>
  <datafield tag="500" ind1=" " ind2=" ">
    <subfield code="a">Title from table of contents screen (Blackwell Synergy, viewed Jan. 6, 2006).</subfield>
  </datafield>
  <datafield tag="530" ind1=" " ind2=" ">
    <subfield code="a">Also issued in print.</subfield>
  </datafield>
  <datafield tag="540" ind1=" " ind2=" ">
    <subfield code="a">Current Copyright Fee: GBP22.00</subfield>
    <subfield code="c">10\0</subfield>
    <subfield code="5">Uk</subfield>
  </datafield>
  <datafield tag="550" ind1=" " ind2=" ">
    <subfield code="a">Published on behalf of the Scandinavian Physiological Society.</subfield>
  </datafield>
  <datafield tag="550" ind1=" " ind2=" ">
    <subfield code="a">Official journal of the Federation of European Physiological Societies (FEPS).</subfield>
  </datafield>
  <datafield tag="580" ind1=" " ind2=" ">
    <subfield code="a">Includes issues of earlier title: Acta physiologica Scandinavica.</subfield>
  </datafield>
  <datafield tag="588" ind1=" " ind2=" ">
    <subfield code="a">Latest issue consulted: Vol. 206, issue 2 (Oct. 2012) (Wiley Online Library, viewed Sept. 19, 2012).</subfield>
  </datafield>
  <datafield tag="650" ind1=" " ind2="0">
    <subfield code="a">Human physiology</subfield>
    <subfield code="v">Periodicals.</subfield>
  </datafield>
  <datafield tag="650" ind1=" " ind2="0">
    <subfield code="a">Physiology</subfield>
    <subfield code="v">Periodicals.</subfield>
  </datafield>
  <datafield tag="710" ind1="2" ind2=" ">
    <subfield code="a">Scandinavian Society for Physiology.</subfield>
  </datafield>
  <datafield tag="710" ind1="2" ind2=" ">
    <subfield code="a">Federation of European Physiological Societies.</subfield>
  </datafield>
  <datafield tag="776" ind1="1" ind2=" ">
    <subfield code="t">Acta physiologica</subfield>
    <subfield code="x">1748-1708</subfield>
  </datafield>
  <datafield tag="780" ind1="1" ind2="0">
    <subfield code="t">Acta physiologica Scandinavica (Online)</subfield>
    <subfield code="x">1365-201X</subfield>
  </datafield>
  <datafield tag="852" ind1=" " ind2=" ">
    <subfield code="a">British Library</subfield>
    <subfield code="b">DSC</subfield>
    <subfield code="j">0650.750000</subfield>
    <subfield code="3">Vol. 186, Issue 1 (2006)-v. 203, issue 4 (2011)***See ESTAR for full holdings.</subfield>
  </datafield>
  <datafield tag="856" ind1="4" ind2="0">
    <subfield code="u">http://www.blackwell-synergy.com/loi/aps</subfield>
  </datafield>
  <datafield tag="959" ind1=" " ind2=" ">
    <subfield code="f">Held but not currently received</subfield>
  </datafield>
</record>