<record xmlns="http://www.loc.gov/MARC21/slim">
  <leader>00756nas a22002657a 4500</leader>
  <controlfield tag="001">013897178</controlfield>
  <controlfield tag="003">Uk</controlfield>
  <controlfield tag="005">20121001112733.0</controlfield>
  <controlfield tag="008">950421d19751976enkwr p       0   a0eng  </controlfield>
  <datafield tag="015" ind1=" " ind2=" ">
    <subfield code="a">GB7623668</subfield>
    <subfield code="2">bnb</subfield>
  </datafield>
  <datafield tag="022" ind1="0" ind2=" ">
    <subfield code="a">0307-8132</subfield>
    <subfield code="2">02</subfield>
  </datafield>
  <datafield tag="037" ind1=" " ind2=" ">
    <subfield code="c">£0.15</subfield>
  </datafield>
  <datafield tag="040" ind1=" " ind2=" ">
    <subfield code="a">Uk</subfield>
    <subfield code="c">Uk</subfield>
    <subfield code="d">Uk</subfield>
  </datafield>
  <datafield tag="050" ind1="0" ind2="0">
    <subfield code="a">CJ1</subfield>
  </datafield>
  <datafield tag="082" ind1="0" ind2="4">
    <subfield code="a">737.075</subfield>
    <subfield code="2">19</subfield>
  </datafield>
  <datafield tag="210" ind1="0" ind2=" ">
    <subfield code="a">Coin wkly.</subfield>
  </datafield>
  <datafield tag="222" ind1=" " ind2="0">
    <subfield code="a">Coin weekly</subfield>
  </datafield>
  <datafield tag="245" ind1="0" ind2="0">
    <subfield code="a">Coin weekly.</subfield>
  </datafield>
  <datafield tag="260" ind1=" " ind2=" ">
    <subfield code="a">Brentwood :</subfield>
    <subfield code="b">Numismatic Publishing Co,</subfield>
    <subfield code="c">1975-</subfield>
  </datafield>
  <datafield tag="300" ind1=" " ind2=" ">
    <subfield code="b">ill., facsims., ports. ;</subfield>
    <subfield code="c">28 cm.</subfield>
  </datafield>
  <datafield tag="362" ind1="0" ind2=" ">
    <subfield code="a">No.1 (4 Apr. 1975)-</subfield>
  </datafield>
  <datafield tag="500" ind1=" " ind2=" ">
    <subfield code="a">Thirty two p. in 28th issue.</subfield>
  </datafield>
  <datafield tag="650" ind1=" " ind2="0">
    <subfield code="a">Numismatics</subfield>
    <subfield code="x">Collectors and collecting</subfield>
    <subfield code="v">Periodicals.</subfield>
  </datafield>
  <datafield tag="852" ind1="4" ind2="1">
    <subfield code="3">1975</subfield>
    <subfield code="a">British Library</subfield>
    <subfield code="b">NPL</subfield>
    <subfield code="j">2720A [1975]</subfield>
  </datafield>
  <datafield tag="852" ind1="4" ind2="1">
    <subfield code="3">1976</subfield>
    <subfield code="a">British Library</subfield>
    <subfield code="b">NPL</subfield>
    <subfield code="j">NT231</subfield>
  </datafield>
</record>