<record xmlns="http://www.loc.gov/MARC21/slim">
  <leader>01203nas a2200325 a 4500</leader>
  <controlfield tag="001">014540173</controlfield>
  <controlfield tag="003">Uk</controlfield>
  <controlfield tag="005">20120925103349.0</controlfield>
  <controlfield tag="007">ta</controlfield>
  <controlfield tag="008">080307c20099999enkfr p       0   a0eng  </controlfield>
  <datafield tag="015" ind1=" " ind2=" ">
    <subfield code="a">GBB295624</subfield>
    <subfield code="2">bnb</subfield>
  </datafield>
  <datafield tag="022" ind1="0" ind2=" ">
    <subfield code="a">1757-1898</subfield>
    <subfield code="2">02</subfield>
  </datafield>
  <datafield tag="040" ind1=" " ind2=" ">
    <subfield code="a">Uk</subfield>
    <subfield code="b">eng</subfield>
    <subfield code="c">Uk</subfield>
    <subfield code="d">Uk</subfield>
  </datafield>
  <datafield tag="042" ind1=" " ind2=" ">
    <subfield code="a">ukblsr</subfield>
    <subfield code="a">issnuk</subfield>
  </datafield>
  <datafield tag="082" ind1="0" ind2="4">
    <subfield code="a">302.230946705</subfield>
    <subfield code="2">23</subfield>
  </datafield>
  <datafield tag="222" ind1=" " ind2="0">
    <subfield code="a">Catalan journal of communication &amp; cultural studies</subfield>
    <subfield code="b">(Print)</subfield>
  </datafield>
  <datafield tag="245" ind1="0" ind2="0">
    <subfield code="a">Catalan journal of communication &amp; cultural studies.</subfield>
  </datafield>
  <datafield tag="246" ind1="3" ind2=" ">
    <subfield code="a">Catalan journal of communication and cultural studies</subfield>
  </datafield>
  <datafield tag="260" ind1=" " ind2=" ">
    <subfield code="a">Bristol :</subfield>
    <subfield code="b">Intellect,</subfield>
    <subfield code="c">2009-</subfield>
  </datafield>
  <datafield tag="300" ind1=" " ind2=" ">
    <subfield code="a">v. :</subfield>
    <subfield code="b">charts ;</subfield>
    <subfield code="c">25 cm.</subfield>
  </datafield>
  <datafield tag="310" ind1=" " ind2=" ">
    <subfield code="a">Semiannual</subfield>
  </datafield>
  <datafield tag="362" ind1="1" ind2=" ">
    <subfield code="a">Began with vol. 1, no. 1 (2009).</subfield>
  </datafield>
  <datafield tag="540" ind1=" " ind2=" ">
    <subfield code="a">Current copyright fee: GBP12.00</subfield>
    <subfield code="c">0</subfield>
    <subfield code="5">Uk</subfield>
  </datafield>
  <datafield tag="588" ind1=" " ind2=" ">
    <subfield code="a">Description based on: Vol. 3, no. 1 (2011).</subfield>
  </datafield>
  <datafield tag="650" ind1=" " ind2="0">
    <subfield code="a">Communication and culture</subfield>
    <subfield code="z">Spain</subfield>
    <subfield code="z">Catalonia</subfield>
    <subfield code="v">Periodicals.</subfield>
  </datafield>
  <datafield tag="650" ind1=" " ind2="0">
    <subfield code="a">Communication and culture</subfield>
    <subfield code="v">Periodicals.</subfield>
  </datafield>
  <datafield tag="650" ind1=" " ind2="0">
    <subfield code="a">Language and culture</subfield>
    <subfield code="z">Spain</subfield>
    <subfield code="z">Catalonia</subfield>
    <subfield code="v">Periodicals.</subfield>
  </datafield>
  <datafield tag="650" ind1=" " ind2="0">
    <subfield code="a">Culture</subfield>
    <subfield code="x">Philosophy</subfield>
    <subfield code="v">Periodicals.</subfield>
  </datafield>
  <datafield tag="776" ind1="0" ind2=" ">
    <subfield code="t">Catalan journal of communication &amp; cultural studies</subfield>
    <subfield code="c">(Online)</subfield>
    <subfield code="x">1757-1901</subfield>
  </datafield>
  <datafield tag="852" ind1="4" ind2="1">
    <subfield code="a">British Library</subfield>
    <subfield code="b">HMNTS</subfield>
    <subfield code="j">ZK.9.a.11345</subfield>
    <subfield code="3">1</subfield>
  </datafield>
</record>