<record xmlns="http://www.loc.gov/MARC21/slim">
  <leader>00966nam a22002777a 4500</leader>
  <controlfield tag="001">014554324</controlfield>
  <controlfield tag="003">Uk</controlfield>
  <controlfield tag="005">20120919164326.0</controlfield>
  <controlfield tag="008">070515s2007    enka     b    000 0 eng d</controlfield>
  <datafield tag="015" ind1=" " ind2=" ">
    <subfield code="a">GBB294746</subfield>
    <subfield code="2">bnb</subfield>
  </datafield>
  <datafield tag="020" ind1=" " ind2=" ">
    <subfield code="a">9780955594106 (pbk.) :</subfield>
    <subfield code="c">£4.99</subfield>
  </datafield>
  <datafield tag="020" ind1=" " ind2=" ">
    <subfield code="a">0955594103 (pbk.) :</subfield>
    <subfield code="c">£4.99</subfield>
  </datafield>
  <datafield tag="040" ind1=" " ind2=" ">
    <subfield code="a">UK-WkNB</subfield>
    <subfield code="b">eng</subfield>
    <subfield code="c">UK-WkNB</subfield>
  </datafield>
  <datafield tag="042" ind1=" " ind2=" ">
    <subfield code="a">ukblsr</subfield>
  </datafield>
  <datafield tag="082" ind1="0" ind2="4">
    <subfield code="a">942.37</subfield>
    <subfield code="2">23</subfield>
  </datafield>
  <datafield tag="100" ind1="1" ind2=" ">
    <subfield code="a">Mansfield, Emma.</subfield>
  </datafield>
  <datafield tag="245" ind1="1" ind2="4">
    <subfield code="a">The little book of Cornwall /</subfield>
    <subfield code="c">by Emma Mansfield.</subfield>
  </datafield>
  <datafield tag="250" ind1=" " ind2=" ">
    <subfield code="a">2nd ed.</subfield>
  </datafield>
  <datafield tag="260" ind1=" " ind2=" ">
    <subfield code="a">[Lostwithiel] :</subfield>
    <subfield code="b">Lovely Little Books,</subfield>
    <subfield code="c">2007.</subfield>
  </datafield>
  <datafield tag="300" ind1=" " ind2=" ">
    <subfield code="a">ca. 160 p. :</subfield>
    <subfield code="b">ill. (some col.) ;</subfield>
    <subfield code="c">15 x 15 cm.</subfield>
  </datafield>
  <datafield tag="500" ind1=" " ind2=" ">
    <subfield code="a">Title from cover.</subfield>
  </datafield>
  <datafield tag="500" ind1=" " ind2=" ">
    <subfield code="a">"Front cover designed by Emma Mansfield and Matt Hocking"--inside front cover.</subfield>
  </datafield>
  <datafield tag="504" ind1=" " ind2=" ">
    <subfield code="a">Includes bibliographical references.</subfield>
  </datafield>
  <datafield tag="651" ind1=" " ind2="0">
    <subfield code="a">Cornwall (England : County)</subfield>
    <subfield code="v">Miscellanea.</subfield>
  </datafield>
  <datafield tag="651" ind1=" " ind2="0">
    <subfield code="a">Cornwall (England : County)</subfield>
    <subfield code="x">Description and travel.</subfield>
  </datafield>
  <datafield tag="852" ind1="4" ind2="1">
    <subfield code="a">British Library</subfield>
    <subfield code="b">HMNTS</subfield>
    <subfield code="j">YK.2012.a.25204</subfield>
  </datafield>
</record>