<record xmlns="http://www.loc.gov/MARC21/slim">
  <leader>00869nam a22002531a 4500</leader>
  <controlfield tag="001">014638226</controlfield>
  <controlfield tag="003">Uk</controlfield>
  <controlfield tag="005">20120927212217.0</controlfield>
  <controlfield tag="007">ta</controlfield>
  <controlfield tag="008">120825s2011    enkab  j      000 0 eng d</controlfield>
  <datafield tag="015" ind1=" " ind2=" ">
    <subfield code="a">GBB297900</subfield>
    <subfield code="2">bnb</subfield>
  </datafield>
  <datafield tag="020" ind1=" " ind2=" ">
    <subfield code="a">9781904242963 (pbk.)</subfield>
  </datafield>
  <datafield tag="040" ind1=" " ind2=" ">
    <subfield code="a">IiNdDKA</subfield>
    <subfield code="b">eng</subfield>
    <subfield code="c">IiNdDKA</subfield>
  </datafield>
  <datafield tag="042" ind1=" " ind2=" ">
    <subfield code="a">ukblsr</subfield>
  </datafield>
  <datafield tag="043" ind1=" " ind2=" ">
    <subfield code="a">e-uk---</subfield>
  </datafield>
  <datafield tag="082" ind1="0" ind2="4">
    <subfield code="a">941.030712416</subfield>
    <subfield code="2">23</subfield>
  </datafield>
  <datafield tag="100" ind1="1" ind2=" ">
    <subfield code="a">Johnston, Sheila Turner.</subfield>
  </datafield>
  <datafield tag="245" ind1="1" ind2="0">
    <subfield code="a">History in close-up :</subfield>
    <subfield code="b">the medieval world /</subfield>
    <subfield code="c">Sheila Turner Johnston, Norman Johnston.</subfield>
  </datafield>
  <datafield tag="260" ind1=" " ind2=" ">
    <subfield code="a">Newtownards :</subfield>
    <subfield code="b">Colourpoint Books,</subfield>
    <subfield code="c">2011.</subfield>
  </datafield>
  <datafield tag="300" ind1=" " ind2=" ">
    <subfield code="a">134 p. :</subfield>
    <subfield code="b">ill. (some col.), maps (some col.) ;</subfield>
    <subfield code="c">28 cm.</subfield>
  </datafield>
  <datafield tag="490" ind1="0" ind2=" ">
    <subfield code="a">Colourpoint educational</subfield>
  </datafield>
  <datafield tag="651" ind1=" " ind2="0">
    <subfield code="a">Great Britain</subfield>
    <subfield code="x">History</subfield>
    <subfield code="y">1066-1687</subfield>
    <subfield code="x">Study and teaching (Secondary)</subfield>
    <subfield code="z">Northern Ireland</subfield>
    <subfield code="v">Juvenile literature.</subfield>
  </datafield>
  <datafield tag="700" ind1="1" ind2=" ">
    <subfield code="a">Johnston, Norman.</subfield>
  </datafield>
  <datafield tag="852" ind1="4" ind2="1">
    <subfield code="a">British Library</subfield>
    <subfield code="b">HMNTS</subfield>
    <subfield code="j">YK.2012.b.8729</subfield>
  </datafield>
</record>