<record xmlns="http://www.loc.gov/MARC21/slim">
  <leader>00743nam a2200241 a 4500</leader>
  <controlfield tag="001">015324797</controlfield>
  <controlfield tag="003">Uk</controlfield>
  <controlfield tag="005">20120929081811.0</controlfield>
  <controlfield tag="008">090923s2009    enka          001 0 eng d</controlfield>
  <datafield tag="015" ind1=" " ind2=" ">
    <subfield code="a">GBB298119</subfield>
    <subfield code="2">bnb</subfield>
  </datafield>
  <datafield tag="020" ind1=" " ind2=" ">
    <subfield code="a">9781860058226 (pbk.) :</subfield>
    <subfield code="c">£5.00</subfield>
  </datafield>
  <datafield tag="020" ind1=" " ind2=" ">
    <subfield code="a">1860058221 (pbk.) :</subfield>
    <subfield code="c">£5.00</subfield>
  </datafield>
  <datafield tag="040" ind1=" " ind2=" ">
    <subfield code="a">StDuBDS</subfield>
    <subfield code="b">eng</subfield>
    <subfield code="c">StDuBDS</subfield>
    <subfield code="d">Uk</subfield>
  </datafield>
  <datafield tag="042" ind1=" " ind2=" ">
    <subfield code="a">ukblcatcopy</subfield>
  </datafield>
  <datafield tag="082" ind1="0" ind2="4">
    <subfield code="a">005.8</subfield>
    <subfield code="2">22</subfield>
  </datafield>
  <datafield tag="245" ind1="0" ind2="0">
    <subfield code="a">BCS IT security :</subfield>
    <subfield code="b">level 1: using Windows XP/Vista.</subfield>
  </datafield>
  <datafield tag="246" ind1="3" ind2="0">
    <subfield code="a">IT security</subfield>
  </datafield>
  <datafield tag="260" ind1=" " ind2=" ">
    <subfield code="a">Sunderland :</subfield>
    <subfield code="b">CiA Training,</subfield>
    <subfield code="c">2009.</subfield>
  </datafield>
  <datafield tag="300" ind1=" " ind2=" ">
    <subfield code="a">40 p. :</subfield>
    <subfield code="b">ill. ;</subfield>
    <subfield code="c">25 cm.</subfield>
  </datafield>
  <datafield tag="500" ind1=" " ind2=" ">
    <subfield code="a">Includes index.</subfield>
  </datafield>
  <datafield tag="650" ind1=" " ind2="0">
    <subfield code="a">Computer security</subfield>
    <subfield code="x">Examinations</subfield>
    <subfield code="v">Study guides.</subfield>
  </datafield>
  <datafield tag="710" ind1="2" ind2=" ">
    <subfield code="a">British Computer Society.</subfield>
  </datafield>
  <datafield tag="852" ind1="4" ind2="1">
    <subfield code="a">British Library</subfield>
    <subfield code="b">HMNTS</subfield>
    <subfield code="j">YK.2012.a.25747</subfield>
  </datafield>
</record>