<record xmlns="http://www.loc.gov/MARC21/slim">
  <leader>00787nam a2200241 a 4500</leader>
  <controlfield tag="001">015324859</controlfield>
  <controlfield tag="003">Uk</controlfield>
  <controlfield tag="005">20120929081034.0</controlfield>
  <controlfield tag="008">090921s2009    enka          001 0 eng d</controlfield>
  <datafield tag="015" ind1=" " ind2=" ">
    <subfield code="a">GBB298117</subfield>
    <subfield code="2">bnb</subfield>
  </datafield>
  <datafield tag="020" ind1=" " ind2=" ">
    <subfield code="a">9781905777174 (pbk.) :</subfield>
    <subfield code="c">No price</subfield>
  </datafield>
  <datafield tag="020" ind1=" " ind2=" ">
    <subfield code="a">1905777175 (pbk.) :</subfield>
    <subfield code="c">No price</subfield>
  </datafield>
  <datafield tag="040" ind1=" " ind2=" ">
    <subfield code="a">StDuBDS</subfield>
    <subfield code="b">eng</subfield>
    <subfield code="c">StDuBDS</subfield>
    <subfield code="d">Uk</subfield>
  </datafield>
  <datafield tag="042" ind1=" " ind2=" ">
    <subfield code="a">ukblcatcopy</subfield>
  </datafield>
  <datafield tag="082" ind1="0" ind2="4">
    <subfield code="a">657</subfield>
    <subfield code="2">22</subfield>
  </datafield>
  <datafield tag="100" ind1="1" ind2=" ">
    <subfield code="a">Cox, David,</subfield>
    <subfield code="d">1946-</subfield>
  </datafield>
  <datafield tag="245" ind1="1" ind2="0">
    <subfield code="a">A2 accounting for AQA :</subfield>
    <subfield code="b">the complete resource for the A2 examination /</subfield>
    <subfield code="c">David Cox, Michael Fardon.</subfield>
  </datafield>
  <datafield tag="260" ind1=" " ind2=" ">
    <subfield code="a">Worcester :</subfield>
    <subfield code="b">Osborne,</subfield>
    <subfield code="c">c2009.</subfield>
  </datafield>
  <datafield tag="300" ind1=" " ind2=" ">
    <subfield code="a">509 p. :</subfield>
    <subfield code="b">ill. ;</subfield>
    <subfield code="c">25 cm.</subfield>
  </datafield>
  <datafield tag="500" ind1=" " ind2=" ">
    <subfield code="a">Includes index.</subfield>
  </datafield>
  <datafield tag="650" ind1=" " ind2="0">
    <subfield code="a">Accounting</subfield>
    <subfield code="x">Examinations</subfield>
    <subfield code="v">Study guides.</subfield>
  </datafield>
  <datafield tag="700" ind1="1" ind2=" ">
    <subfield code="a">Fardon, Michael,</subfield>
    <subfield code="d">1951-</subfield>
  </datafield>
  <datafield tag="852" ind1="4" ind2="1">
    <subfield code="a">British Library</subfield>
    <subfield code="b">HMNTS</subfield>
    <subfield code="j">YK.2012.a.25820</subfield>
  </datafield>
</record>