<record xmlns="http://www.loc.gov/MARC21/slim">
  <leader>01501nas a2200361 a 4500</leader>
  <controlfield tag="001">015450677</controlfield>
  <controlfield tag="003">Uk</controlfield>
  <controlfield tag="005">20120928095910.0</controlfield>
  <controlfield tag="006">m        d |      </controlfield>
  <controlfield tag="007">cr||||||||||||</controlfield>
  <controlfield tag="008">091218c20109999enkqr p s     0   a0eng  </controlfield>
  <datafield tag="015" ind1=" " ind2=" ">
    <subfield code="a">GBB298049</subfield>
    <subfield code="2">bnb</subfield>
  </datafield>
  <datafield tag="022" ind1="0" ind2=" ">
    <subfield code="a">2042-8693</subfield>
    <subfield code="y">2042-0927</subfield>
    <subfield code="2">02</subfield>
  </datafield>
  <datafield tag="040" ind1=" " ind2=" ">
    <subfield code="a">Uk</subfield>
    <subfield code="b">eng</subfield>
    <subfield code="c">Uk</subfield>
    <subfield code="d">Uk</subfield>
  </datafield>
  <datafield tag="042" ind1=" " ind2=" ">
    <subfield code="a">issnuk</subfield>
    <subfield code="a">ukblsr</subfield>
  </datafield>
  <datafield tag="082" ind1="0" ind2="4">
    <subfield code="a">364.38</subfield>
    <subfield code="2">23</subfield>
  </datafield>
  <datafield tag="130" ind1="0" ind2=" ">
    <subfield code="a">Journal of learning disabilities and offending behaviour (Online)</subfield>
  </datafield>
  <datafield tag="222" ind1=" " ind2="0">
    <subfield code="a">Journal of learning disabilities and offending behaviour</subfield>
    <subfield code="b">(Online)</subfield>
  </datafield>
  <datafield tag="245" ind1="1" ind2="0">
    <subfield code="a">Journal of learning disabilities and offending behaviour</subfield>
    <subfield code="h">[electronic resource] :</subfield>
    <subfield code="b">practice, policy and research.</subfield>
  </datafield>
  <datafield tag="260" ind1=" " ind2=" ">
    <subfield code="a">Hove :</subfield>
    <subfield code="b">Pier Professional</subfield>
  </datafield>
  <datafield tag="260" ind1="3" ind2=" ">
    <subfield code="a">Bingley :</subfield>
    <subfield code="b">Emerald Group</subfield>
  </datafield>
  <datafield tag="310" ind1=" " ind2=" ">
    <subfield code="a">Quarterly</subfield>
  </datafield>
  <datafield tag="362" ind1="0" ind2=" ">
    <subfield code="a">Vol. 1, issue 1 (2010)-</subfield>
  </datafield>
  <datafield tag="500" ind1=" " ind2=" ">
    <subfield code="a">Title from table of contents page (publisher's website, viewed Sept. 28, 2012).</subfield>
  </datafield>
  <datafield tag="530" ind1=" " ind2=" ">
    <subfield code="a">Also issued in print.</subfield>
  </datafield>
  <datafield tag="540" ind1=" " ind2=" ">
    <subfield code="a">Current Copyright Fee: GBP15.00</subfield>
    <subfield code="c">25\0</subfield>
    <subfield code="5">Uk</subfield>
  </datafield>
  <datafield tag="650" ind1=" " ind2="0">
    <subfield code="a">Offenders with mental disabilities</subfield>
    <subfield code="x">Care</subfield>
    <subfield code="v">Periodicals.</subfield>
  </datafield>
  <datafield tag="650" ind1=" " ind2="0">
    <subfield code="a">People with mental disabilites and crime</subfield>
    <subfield code="v">Periodicals.</subfield>
  </datafield>
  <datafield tag="776" ind1="1" ind2=" ">
    <subfield code="t">Journal of learning disabilities and offending behaviour</subfield>
    <subfield code="x">2042-0927</subfield>
  </datafield>
  <datafield tag="852" ind1="4" ind2="1">
    <subfield code="a">British Library</subfield>
    <subfield code="b">DSC</subfield>
    <subfield code="j">5010.230070</subfield>
    <subfield code="3">Vol. 2, issue 4 (2011)-***See ESTAR for full holdings.</subfield>
  </datafield>
  <datafield tag="856" ind1="4" ind2=" ">
    <subfield code="u">http://www.pierprofessional.com/jldobflyer</subfield>
  </datafield>
  <datafield tag="856" ind1="4" ind2="0">
    <subfield code="u">http://www.emeraldinsight.com/journals.htm?issn=2042-0927</subfield>
  </datafield>
  <datafield tag="959" ind1=" " ind2=" ">
    <subfield code="f">Currently received</subfield>
  </datafield>
</record>