<record xmlns="http://www.loc.gov/MARC21/slim">
  <leader>01098nam a2200289 a 4500</leader>
  <controlfield tag="001">015480665</controlfield>
  <controlfield tag="003">Uk</controlfield>
  <controlfield tag="005">20120929103713.0</controlfield>
  <controlfield tag="008">120223s2009    enka          000 0 eng d</controlfield>
  <datafield tag="015" ind1=" " ind2=" ">
    <subfield code="a">GBB298141</subfield>
    <subfield code="2">bnb</subfield>
  </datafield>
  <datafield tag="020" ind1=" " ind2=" ">
    <subfield code="a">9781850084518 (pbk.) :</subfield>
    <subfield code="c">£36.99</subfield>
  </datafield>
  <datafield tag="020" ind1=" " ind2=" ">
    <subfield code="a">1850084513 (pbk.) :</subfield>
    <subfield code="c">£36.99</subfield>
  </datafield>
  <datafield tag="040" ind1=" " ind2=" ">
    <subfield code="a">StDuBDS</subfield>
    <subfield code="b">eng</subfield>
    <subfield code="c">StDuBDS</subfield>
    <subfield code="d">Uk</subfield>
  </datafield>
  <datafield tag="042" ind1=" " ind2=" ">
    <subfield code="a">ukblcatcopy</subfield>
  </datafield>
  <datafield tag="082" ind1="0" ind2="4">
    <subfield code="a">302.14071241</subfield>
    <subfield code="2">23</subfield>
  </datafield>
  <datafield tag="100" ind1="1" ind2=" ">
    <subfield code="a">Osborne, Eileen.</subfield>
  </datafield>
  <datafield tag="245" ind1="1" ind2="0">
    <subfield code="a">Personal, learning &amp; thinking skills in PSHE.</subfield>
    <subfield code="p">Reflective learners /</subfield>
    <subfield code="c">Eileen Osborne &amp; Steph Yates.</subfield>
  </datafield>
  <datafield tag="260" ind1=" " ind2=" ">
    <subfield code="a">Haddenham :</subfield>
    <subfield code="b">Folens,</subfield>
    <subfield code="c">2009.</subfield>
  </datafield>
  <datafield tag="300" ind1=" " ind2=" ">
    <subfield code="a">64 p. :</subfield>
    <subfield code="b">ill. ;</subfield>
    <subfield code="c">30 cm. +</subfield>
    <subfield code="e">1 computer optical disc.</subfield>
  </datafield>
  <datafield tag="500" ind1=" " ind2=" ">
    <subfield code="a">1 CD-ROM in pocket attached to inside front cover.</subfield>
  </datafield>
  <datafield tag="521" ind1="2" ind2=" ">
    <subfield code="a">Key Stage 3.</subfield>
  </datafield>
  <datafield tag="521" ind1="2" ind2=" ">
    <subfield code="a">Key Stage 4.</subfield>
  </datafield>
  <datafield tag="650" ind1=" " ind2="0">
    <subfield code="a">Social participation</subfield>
    <subfield code="x">Study and teaching (Secondary)</subfield>
    <subfield code="z">Great Britain.</subfield>
  </datafield>
  <datafield tag="650" ind1=" " ind2="0">
    <subfield code="a">Creative thinking</subfield>
    <subfield code="x">Study and teaching (Secondary)</subfield>
    <subfield code="z">Great Britain.</subfield>
  </datafield>
  <datafield tag="650" ind1=" " ind2="0">
    <subfield code="a">Interpersonal relations</subfield>
    <subfield code="x">Study and teaching (Secondary)</subfield>
    <subfield code="z">Great Britain.</subfield>
  </datafield>
  <datafield tag="700" ind1="1" ind2=" ">
    <subfield code="a">Yates, Steph.</subfield>
  </datafield>
  <datafield tag="852" ind1="4" ind2="1">
    <subfield code="a">British Library</subfield>
    <subfield code="b">HMNTS</subfield>
    <subfield code="j">EMC.2012.b.544</subfield>
  </datafield>
</record>