<record xmlns="http://www.loc.gov/MARC21/slim">
  <leader>00865nam a2200253 a 4500</leader>
  <controlfield tag="001">015482812</controlfield>
  <controlfield tag="003">Uk</controlfield>
  <controlfield tag="005">20120929084932.0</controlfield>
  <controlfield tag="008">091106s2009    enka          000 0 eng d</controlfield>
  <datafield tag="015" ind1=" " ind2=" ">
    <subfield code="a">GBB298125</subfield>
    <subfield code="2">bnb</subfield>
  </datafield>
  <datafield tag="020" ind1=" " ind2=" ">
    <subfield code="a">9781850084419 (pbk.) :</subfield>
    <subfield code="c">No price</subfield>
  </datafield>
  <datafield tag="020" ind1=" " ind2=" ">
    <subfield code="a">1850084416 (pbk.) :</subfield>
    <subfield code="c">No price</subfield>
  </datafield>
  <datafield tag="040" ind1=" " ind2=" ">
    <subfield code="a">StDuBDS</subfield>
    <subfield code="b">eng</subfield>
    <subfield code="c">StDuBDS</subfield>
    <subfield code="d">Uk</subfield>
  </datafield>
  <datafield tag="042" ind1=" " ind2=" ">
    <subfield code="a">ukblcatcopy</subfield>
  </datafield>
  <datafield tag="082" ind1="0" ind2="4">
    <subfield code="a">323.6071241</subfield>
    <subfield code="2">22</subfield>
  </datafield>
  <datafield tag="245" ind1="0" ind2="0">
    <subfield code="a">Citizenship through PSHE /</subfield>
    <subfield code="c">Keith West ... [et al.].</subfield>
  </datafield>
  <datafield tag="260" ind1=" " ind2=" ">
    <subfield code="a">Haddenham :</subfield>
    <subfield code="b">Folens,</subfield>
    <subfield code="c">2009.</subfield>
  </datafield>
  <datafield tag="300" ind1=" " ind2=" ">
    <subfield code="a">80 p. :</subfield>
    <subfield code="b">ill. ;</subfield>
    <subfield code="c">30 cm. +</subfield>
    <subfield code="e">1 computer optical disc.</subfield>
  </datafield>
  <datafield tag="500" ind1=" " ind2=" ">
    <subfield code="a">CD-ROM.</subfield>
  </datafield>
  <datafield tag="650" ind1=" " ind2="0">
    <subfield code="a">Citizenship</subfield>
    <subfield code="x">Study and teaching (Secondary)</subfield>
    <subfield code="z">Great Britain.</subfield>
  </datafield>
  <datafield tag="650" ind1=" " ind2="0">
    <subfield code="a">Health education</subfield>
    <subfield code="z">Great Britain.</subfield>
  </datafield>
  <datafield tag="650" ind1=" " ind2="0">
    <subfield code="a">Social skills</subfield>
    <subfield code="x">Study and teaching (Secondary)</subfield>
    <subfield code="z">Great Britain.</subfield>
  </datafield>
  <datafield tag="700" ind1="1" ind2=" ">
    <subfield code="a">West, Keith.</subfield>
  </datafield>
  <datafield tag="852" ind1="4" ind2="1">
    <subfield code="a">British Library</subfield>
    <subfield code="b">HMNTS</subfield>
    <subfield code="j">EMC.2012.b.545</subfield>
  </datafield>
</record></marcxml:collection>